1858 3184
244 209 366 252 1958·
701 220 967 262 aecensus
997 217 1283 253 nonnosum

244 320 428 360 admixtis
448 319 642 360 interdum
676 321 725 360 C.
743 320 904 367 AEmilii,
921 320 1017 359 Julii
1043 320 1233 368 Modesti,
1265 326 1306 360 et
1337 319 1523 360 Florentii
1554 320 1693 362 Scauri

242 384 602 424 adnotatiunculis:
631 383 739 424 edita
757 385 912 423 auctius
942 391 983 424 et
1015 384 1263 424 emendatius
1295 397 1365 436 per
1384 384 1533 437 Georg.
1564 385 1696 424 Fabri·

242 449 345 488 cium
365 448 973 488 Chemnicensem.——Accedunt
988 449 1055 488 Jo.
1075 448 1274 500 Hartungi
1291 450 1430 488 breves
1444 449 1555 488 obss.
1586 447 1698 487 Alter

243 518 374 552 tomus
395 512 518 551 habet
536 525 680 552 comm.
701 512 881 560 Landini,
901 519 985 551 tum
1004 513 1043 551 in
1065 513 1199 551 Artem
1219 514 1324 565 poet.
1345 512 1508 560 Luisini,
1526 511 1707 560 Grifolii„

247 576 411 615 Jasonis
430 576 480 614 de
504 576 652 621 Nores;
683 576 774 616 item
795 584 911 615 notas
932 577 1100 622 Erasmi,
1118 576 1224 623 Aldi,
1246 576 1478 628 Rhodigini,
1499 575 1699 623 Politiani,

245 639 445 687 Sabellici,
465 640 580 692 Bapt.
602 640 677 688 Pii,
689 641 829 680 Jacobi
850 642 1002 680 Bonon.
1033 640 1079 679 P.
1097 640 1253 687 Criniti,
1270 640 1471 680 Glareani.
1490 639 1613 680 Basil.
1631 653 1700 692 per

245 704 461 743 Henricum
481 704 601 744 Petri.
620 705 759 744 Mense
790 706 902 756 Sept.
927 706 1043 744 1555.
1063 703 1134 743 fol.
1164 704 1296 743 Editio
1322 713 1517 756 praestans
1546 711 1587 743 et
1605 703 1698 742 rari·

245 774 328 807 tate
341 775 382 807 et
400 769 591 808 bonitate.
630 769 801 821 Operam
813 769 915 810 enirn
935 781 1005 822 per
1023 768 1169 807 multos
1189 780 1315 807 annos
1345 767 1548 807 assiduam
1566 768 1702 821 posuit

174 829 176 831 ’
246 831 449 871 Fabricius
468 832 508 871 in
528 832 782 872 restituendis
802 833 997 872 veteribus
1018 832 1269 871 Scholiastis.

303 898 407 935 1555
435 896 576 936 Franc.
598 897 831 944 Robortelli,
848 897 1032 935 Utinens.
1046 896 1303 949 Paraphrasis
1317 895 1358 934 in
1377 895 1519 935 librum
1532 893 1701 941 Horatii,

245 958 314 1012 qui
326 959 447 1012 vulgo
467 960 517 999 de
536 961 632 1000 Arte
646 961 811 1000 Poetica
829 961 880 999 ad
899 961 1066 1000 Pisones
1085 960 1328 1001 inscribitur:
1359 959 1547 1012 Ejusdem
1568 958 1702 1010 Expli-

244 1023 350 1063 catio
369 1023 420 1063 de
459 1025 614 1076 Satyra,
643 1025 694 1064 de
714 1025 1021 1077 Epigrammate,
1052 1024 1103 1062 de
1123 1020 1345 1070 Comoedia,
1375 1023 1426 1062 de
1446 1023 1620 1070 Saiibus,
1651 1022 1703 1061 de

248 1086 399 1138 Elegia.
457 1086 558 1130 Quae
577 1088 711 1126 omnia
728 1087 866 1126 addita
885 1089 935 1126 ab
962 1088 1134 1126 Auctore
1153 1087 1328 1134 fuerunt,
1347 1093 1392 1125 ut
1410 1085 1506 1125 nihil
1524 1086 1634 1137 quod
1651 1085 1702 1125 ad

246 1149 441 1202 poeticam
478 1157 688 1202 spectaret,
724 1150 939 1190 desiderari
977 1150 1118 1202 possit.
1187 1150 1289 1188 Nam
1323 1150 1362 1189 in
1401 1149 1450 1188 iis
1484 1148 1704 1188 scribendis

247 1213 471 1253 Aristotelis
491 1213 721 1254 methodum
743 1215 914 1253 servavit
931 1228 942 1253 ε
970 1222 1019 1254 ρι’
1040 1227 1089 1254 ex
1109 1214 1234 1266 ipsius
1254 1213 1388 1253 libello
1420 1212 1471 1252 de
1490 1213 1587 1252 Arte
1606 1213 1706 1264 po’e-

251 1277 330 1315 tica
349 1277 543 1330 principia
561 1278 702 1316 sumsit
720 1278 893 1317 omnium
907 1291 1064 1317 suarum
1082 1278 1404 1330 explicationum.
1430 1277 1507 1316 Per
1524 1277 1590 1316 Jo.
1609 1277 1707 1315 Her-

250 1340 424 1392 vagium.
444 1340 569 1379 Basil.
583 1341 656 1380 fol.

206 1442 212 1448 ,
300 1427 356 1433 -
385 1404 518 1457 Opera
544 1418 634 1444 cum
678 1412 890 1444 comment.
936 1406 1119 1452 Acronis,
1158 1417 1228 1457 per
1275 1402 1423 1457 Georg.
1467 1402 1705 1443 Fabricium.

251 1467 375 1507 Basil.
393 1470 436 1509 4.

304 1555 359 1563 -
387 1532 501 1571 Liber
519 1531 571 1570 de
584 1532 679 1571 Arte
691 1533 859 1585 poetica,
877 1546 945 1585 per
963 1532 1171 1573 Gualther.
1192 1532 1427 1571 Fabricium.
1443 1531 1532 1571 Col.
1547 1532 1644 1582 Agr.
1663 1533 1704 1570 8.

305 1617 362 1625 -—-
387 1595 534 1648 Opera,
553 1609 642 1635 cum
662 1596 821 1635 scholiis
841 1596 1102 1635 diversorum.
1120 1596 1263 1635 Colon.
1284 1597 1323 1634 8.

306 1681 360 1689 -
388 1673 479 1699 cum
499 1666 714 1699 comment.
730 1661 823 1699 Ant.
841 1660 988 1698 Mureti
1007 1667 1048 1699 et
1063 1660 1156 1698 Aldi
1175 1658 1360 1705 Manutii‚
1375 1658 1524 1699 additis
1540 1659 1706 1699 scholiis

253 1724 319 1763 Jo.
338 1722 464 1762 Mich.
483 1723 595 1762 Bruti
623 1724 674 1763 ad
694 1723 815 1763 libros
845 1723 1021 1762 Odarum
1039 1731 1081 1763 et
1106 1723 1236 1776 Epod.
1265 1722 1371 1775 apud
1389 1722 1575 1763 Paullum
1594 1724 1707 1762 Man.

254 1787 349 1826 Aldi
370 1788 414 1826 F.
435 1787 580 1827 Venet.
603 1789 641 1826 8.

312 1852 416 1890 1556
445 1851 636 1890 Po'emata
655 1852 815 1892 scholiis
833 1852 1032 1900 brevibus,
1059 1852 1187 1904 iisque
1211 1851 1469 1900 doctissimis,
1498 1851 1709 1900 illustrata,

255 1928 321 1968 ap.
339 1914 482 1952 Thom.
503 1915 759 1953 Richardum.
781 1915 909 1954 Paris.
929 1918 970 1953 4.

308 1999 362 2007 --
389 1978 455 2016 Jo.
474 1977 591 2018 Paul.
623 1978 788 2018 Caesarii
818 1979 1085 2018 commentar.
1119 1977 1160 2016 in
1183 1991 1343 2017 xxxu.
1363 1978 1416 2022 Q.
1433 1977 1487 2016 H.
1508 1978 1555 2018 F.
1582 1978 1709 2018 Odas.

258 2042 411 2081 Romae.
434 2042 472 2080 8.

309 2128 366 2135 -
393 2105 540 2157 Opera,
556 2118 646 2144 cum
666 2105 826 2144 metrica
844 2105 1062 2144 carminum
1079 2105 1245 2152 ratione,
1263 2110 1305 2142 et
1323 2117 1435 2156 argg.
1451 2105 1601 2158 ubique
1619 2105 1710 2144 illu-

256 2176 395 2216 strata,
415 2175 500 2208 tum
531 2168 652 2208 etiam
671 2168 894 2208 doctissim.
913 2169 1042 2208 Viror.
1072 2168 1256 2216 Acronis,
1271 2170 1346 2207 διο.
1397 2171 1589 2209 Annotat.
1620 2170 1711 2210 Col.

260 2234 356 2285 Agr.
375 2235 417 2273 8.

312 2319 364 2328 --·
394 2296 540 2348 Opera,
560 2297 666 2348 apud
687 2297 807 2336 Mart.
828 2296 1005 2336 Nutium.
1026 2297 1146 2336 Antv.
1170 2299 1234 2337 12.

318 2363 420 2400 1557
450 2374 540 2400 cum
558 2361 875 2401 annotationibus
908 2361 1062 2400 Theod.
1094 2361 1320 2410 Pulmanni,
1353 2363 1526 2402 Craneb.
1557 2362 1711 2402 Excud.

263 2426 458 2465 Martinus
478 2417 640 2465 Nutius.
661 2426 784 2466 Antv.
806 2427 846 2465 8.
875 2425 951 2464 Ed.
985 2438 1034 2464 ex
1067 2425 1214 2466 Aldino
1245 2433 1356 2466 textu
1389 2426 1524 2474 ducta,
1555 2426 1628 2465 sed
1658 2428 1710 2466 ob

261 2489 447 2529 emendd.
467 2489 679 2529 Pulmanni
699 2498 739 2529 et
753 2490 921 2529 collatos
941 2491 991 2529 ab
1011 2503 1059 2529 eo
1080 2490 1212 2530 Codd.
1231 2489 1425 2544 perutilis.

319 2576 370 2583 —
397 2554 603 2602 poemata,
629 2568 719 2594 cum
738 2566 879 2595 comm.
912 2554 970 2593 M.
991 2555 1084 2593 Ant.
1106 2555 1268 2594 Mureti.
1316 2553 1434 2607 Apud
1452 2553 1600 2594 Aldum
1623 2554 1714 2606 jun.

268 2616 371 2655 Ven.
393 2620 430 2656 8.

321 2701 375 2709 —-
401 2693 490 2719 cum
509 2683 685 2722 scholiis.
702 2684 800 2723 Ant.
822 2686 859 2721 8.

296 2778 302 2782 .
322 2764 376 2773 -—-
403 2756 492 2782 cum
509 2756 718 2788 comment.
741 2747 838 2787 Adr.
855 2747 1040 2787 Turnebi.
1056 2746 1183 2786 Paris.
1204 2750 1242 2784 8,
