1858 3184
230 195 346 239 1934
699 196 908 240 NOT1'T1A
934 209 1220 241 L1'rERAR1A

230 307 445 352 Romanis;
480 307 654 347 secunda
674 308 725 346 ad
745 308 892 347 Julium
914 309 1095 354 Florum3
1131 310 1245 349 tertia
1264 309 1316 348 ad
1336 308 1502 348 Pisones
1528 315 1677 361 patrem

230 378 270 410 et
287 372 402 418 filios,
417 385 440 411 a
455 372 635 411 Charisio
648 371 793 410 diserte
810 372 999 424 Epistolae
1021 374 1177 412 nomine
1197 379 1426 419 memorata,
1441 385 1531 424 quae
1548 371 1681 424 vulgo,

228 442 274 475 ut
292 435 444 474 Sidonii
464 436 582 474 etiam
600 442 718 474 aetate
746 436 906 484 factum,
933 437 1113 487 sejuncta
1132 450 1155 475 a
1174 436 1350 488 reliquis,
1372 436 1483 475 Fabii
1511 435 1683 475 auctori-

229 505 310 538 tate
340 500 438 538 Inst.
459 499 529 537 Or.
554 512 626 538 111.
658 501 696 538 8.
730 500 953 539 inscribitur
987 501 1108 539 Liber
1127 501 1173 540 de
1193 506 1278 539 arte
1292 501 1465 552 poetica,
1498 499 1538 537 in
1568 512 1695 551 quern,

229 562 448 615 Porphyrio
467 563 664 610 observat,
696 563 901 603 Horatium
921 557 1172 616 congessisse
1203 570 1403 617 praecepta
1437 562 1685 615 Neoptolemi

231 614 390 664 Pariani
419 625 469 664 de
497 631 578 664 arte
608 626 778 678 poetica,
808 641 887 678 non
907 628 1064 680 quidem
1092 629 1236 675 omnia,
1271 628 1341 667 sed
1361 627 1686 667 eminentissima.

233 690 333 728 Haec
355 689 532 741 Epistola
553 690 584 728 si
604 703 693 729 cum
713 690 866 730 duabus
886 692 1078 743 prioribus
1092 692 1299 743 jungatur,
1325 691 1426 730 mole
1446 697 1485 729 et
1506 699 1687 730 versuum

232 767 395 793 numero
414 755 493 794 fere
510 756 726 807 aequabunt
744 756 911 808 priorem
931 756 1197 809 Epistolarum
1217 757 1373 803 librum,
1402 761 1471 794 aut
1490 762 1594 794 certe
1622 767 1690 806 pa-

232 831 317 857 rum
346 819 448 857 inter
467 832 510 857 se
529 826 694 871 uterque
715 819 911 866 different,
942 830 984 858 ut
1006 821 1158 872 pridem
1188 821 1338 859 notavit
1359 820 1462 857 Dan.
1487 818 1690 856 Heinsius.

234 882 388 920 Horatii
409 883 557 921 Satiras
579 883 740 922 Fulvius
762 883 930 922 Ursinus
950 884 989 921 in
1012 884 1177 936 Virgilio
1198 897 1286 923 cum
1309 883 1463 922 Graecis
1493 881 1692 933 scriptori-

233 946 308 984 bus
329 946 474 985 collato
495 960 534 998 p.
557 947 595 986 3.
624 947 766 986 veteris
788 947 950 987 Codicis
970 948 1151 987 Vaticani
1171 948 1287 986 fidem
1317 953 1491 994 secutus,
1522 945 1695 997 Eclogas

234 1010 422 1061 appellat.
479 1011 545 1049 Sic
578 1024 736 1062 quoque
771 1011 985 1062 Cruquius,
1024 1012 1132 1050 haud
1165 1012 1411 1063 improbante
1443 1010 1604 1048 Barthio
1644 1009 1694 1047 ad

236 1073 405 1111 Statium
423 1073 468 1112 T.
491 1087 523 1112 1.
543 1086 584 1123 p.
608 1076 700 1111 351.
750 1073 864 1112 Liber
885 1075 1102 1113 Satirarum
1124 1073 1324 1113 secundus
1344 1073 1528 1111 Trebatio
1549 1073 1589 1120 in
1609 1073 1696 1127 qui·
1729 1119 1733 1121 μ

232 1135 403 1174 busdam
425 1135 555 1174 Codd.
576 1135 812 1174 inscribitur.
870 1138 1114 1189 Compositae
1146 1144 1240 1176 sunt
1267 1137 1438 1176 carmine
1471 1137 1598 1188 epico,
1626 1135 1696 1174 sed

237 1199 407 1238 sermoni
448 1200 645 1252 propiore,
679 1206 724 1238 ut
757 1202 842 1252 ipse
875 1200 944 1239 lib.
982 1202 1067 1241 Sat.
1105 1215 1136 1242 1.
1168 1205 1206 1240 4.
1240 1203 1306 1240 41.
1335 1200 1493 1239 scribit:
1536 1205 1548 1222 ‘
1569 1192 1696 1251 neque

238 1263 271 1300 si
288 1263 376 1313 quis
391 1264 551 1311 scribat,
571 1264 626 1302 uti
644 1277 731 1311 nos,
754 1265 932 1303 Sermoni
947 1265 1143 1317 propiora,
1158 1272 1273 1316 putes
1289 1265 1395 1303 hunc
1408 1277 1495 1303 esse
1515 1264 1700 1316 poetam!

238 1326 301 1363 Ab
322 1325 382 1363 his
404 1327 541 1364 Satiris
572 1331 582 1349 ‘
599 1327 835 1366 mordacem'
855 1336 971 1367 vocat
991 1329 1179 1367 Flaccum
1199 1328 1410 1366 Sidonius:
1446 1327 1587 1366 Petrus
1609 1327 1700 1365 Ble-

242 1389 366 1428 sensis
399 1390 565 1430 subinde
601 1395 612 1412 ‘
629 1391 842 1438 Ethicum,'
873 1398 917 1429 ut
936 1392 1062 1443 Epist.
1089 1394 1176 1430 150.
1197 1398 1237 1430 et
1256 1391 1361 1430 alibi.
1421 1390 1527 1436 Quid
1547 1391 1701 1443 ecloga,

243 1453 339 1504 quid
370 1453 490 1492 satira
514 1454 660 1505 exigat,
685 1456 885 1506 eleganter
917 1455 1035 1493 tradit
1063 1455 1125 1494 Jo.
1149 1456 1296 1494 Anton.
1321 1456 1547 1507 Campanus
1562 1455 1635 1509 lib.
1659 1469 1700 1495 v.

243 1517 370 1569 Epist.
391 1519 456 1555 24.
488 1519 635 1557 Versus
650 1526 819 1570 quatuor
839 1525 879 1557 et
893 1520 1180 1571 quinquaginta
1195 1533 1243 1558 ex
1260 1519 1440 1572 Epistola
1453 1519 1503 1557 ad
1526 1520 1698 1567 Florum,

242 1593 267 1618 a
284 1594 398 1619 versu
420 1583 484 1620 87.
506 1581 556 1620 ad
578 1584 667 1621 140.
694 1584 732 1620 in
768 1583 930 1622 alteram
964 1583 1014 1621 ad
1035 1584 1257 1634 Augustum
1281 1583 1589 1631 transferendos,
1623 1596 1701 1621 non

241 1650 334 1695 post
350 1657 409 1683 vs.
427 1642 523 1684 ¹219.
545 1652 588 1683 ut
610 1646 713 1684 Dan.
733 1646 938 1694 Heinsius,
972 1647 1043 1685 sed
1075 1654 1166 1698 post
1198 1649 1286 1686 117.
1317 1647 1572 1686 collocandos
1601 1660 1704 1694 esse,

244 1708 434 1759 singulari
463 1708 560 1747 diss.
591 1709 631 1747 in
652 1709 780 1748 Acad.
812 1711 1114 1762 Inscriptionum
1137 1711 1264 1749 Paris.
1292 1724 1330 1750 a.
1363 1713 1482 1749 1702.
1515 1714 1578 1750 15.
1600 1711 1703 1750 Nov.

243 1772 450 1823 probatum
481 1772 549 1812 ivit
572 1773 637 1812 Jo.
659 1773 875 1812 Boivinius.
920 1775 1070 1813 Versus
1090 1781 1180 1813 octo
1200 1775 1238 1812 in
1261 1774 1499 1826 quibusdam*
1517 1774 1648 1813 Codd.
1668 1782 1709 1813 et

243 1836 483 1875 editionibus
512 1837 662 1889 praefixi
693 1838 763 1877 lib.
798 1852 826 1877 r.
858 1838 998 1877 Satirae
1024 1841 1086 1878 10.
1107 1847 1146 1877 et
1167 1851 1191 1876 a
1211 1838 1386 1891 Gyraldo
1407 1838 1553 1890 dialog.
1576 1852 1637 1877 iv.
1658 1839 1709 1877 de

246 1899 389 1949 poetis,
411 1900 516 1938 Guil.
540 1902 712 1940 Cantero
727 1902 890 1952 aliisque
913 1915 983 1953 pro
1002 1902 1230 1941 Horatianis
1250 1903 1373 1940 habiti
1393 1915 1402 1940 z
1425 1903 1574 1949 Lucili,
1595 1917 1708 1954 quam

245 1962 301 1999 sis
317 1964 521 2002 mendosus
537 1970 633 2003 teste
651 1966 809 2011 Catone,
825 1965 897 2013 850.
918 1972 1108 2016 tanquam
1124 1965 1244 2016 spurii
1260 1978 1282 2002 a
1299 1965 1454 2003 Criticis
1472 1965 1711 2016 rejiciuntur.

247 2024 350 2063 Vide
370 2026 423 2065 H.
440 2027 699 2078 Stephanum,
717 2028 917 2066 Loevinum
931 2029 1191 2075 Torrentium,
1213 2029 1325 2067 alios.
1376 2029 1419 2066 In
1441 2029 1525 2067 libri
1547 2030 1712 2068 secundi

250 2087 429 2140 Epistola
447 2091 486 2128 2.
508 2091 736 2141 transpositi
757 2104 893 2129 versus
914 2104 937 2129 a
959 2094 1022 2130 87.
1040 2091 1091 2130 ad
1114 2093 1204 2131 140.
1234 2099 1278 2129 ut
1306 2099 1446 2143 proeter
1466 2093 1569 2132 Dan.
1592 2094 1714 2131 Hein-

251 2152 351 2190 sium
370 2153 407 2190 in
430 2152 547 2199 uotis,
567 2154 631 2192 Jo.
654 2154 857 2192 Boivinius
881 2154 976 2193 diss.
999 2155 1036 2193 in
1056 2155 1250 2193 memoriis
1281 2155 1459 2194 literariis
1479 2156 1712 2195 Trevoltinis

251 2228 290 2255 a.
310 2218 426 2256 1703.
445 2217 554 2269 Sept.
575 2230 616 2269 p.
639 2219 730 2256 268.
752 2231 839 2270 sqq.
861 2219 1077 2257 Salmasius
1097 2220 1135 2257 in
1153 2219 1328 2257 Solinum
1353 2232 1392 2270 p.
1413 2221 1454 2259 5.
1470 2220 1622 2259 Horatii
1644 2233 1713 2258 no-

251 2282 357 2321 mine
385 2281 524 2320 laudat
551 2281 657 2321 hunc
676 2278 856 2321 versu'm:
889 2283 1012 2322 Nulla
1029 2283 1110 2322 dies
1129 2283 1253 2331 abeat,
1273 2284 1370 2335 quin
1390 2283 1493 2322 linea
1512 2284 1633 2324 ducta
1651 2298 1716 2324 su-

247 2347 401 2398 persit:
433 2344 503 2384 sed
525 2358 604 2384 non
623 2352 684 2384 est
713 2346 879 2394 Horatii,
899 2360 973 2386 nec
999 2347 1157 2386 alterius
1188 2347 1328 2386 veteris
1356 2348 1485 2400 po'etoe
1507 2347 1650 2396 Latini,
1669 2355 1715 2387 ut

255 2415 433 2449 notatum
465 2409 607 2448 Carolo
633 2407 734 2449 ‘Dati
759 2410 799 2448 in
829 2412 908 2450 vita
936 2411 1086 2464 Apellis
1115 2424 1155 2462 p.
1187 2413 1276 2449 107.
1299 2411 1393 2449 bibl.
1425 2412 1645 2463 Aprosiana
1670 2425 1714 2464 p.

257 2476 350 2512 273.
409 2474 784 2527 Sermonum‘libros,
801 2475 956 2514 Horatii
969 2476 1161 2527 exemplo,
1179 2481 1320 2527 praeter
1334 2475 1432 2513 alios
1453 2474 1611 2527 scripsit
1626 2475 1715 2515 Pet.

257 2538 488 2586 Scholirius‚
521 2551 642 2590 eques
677 2546 716 2577 et
751 2546 908 2578 senator
929 2540 1117 2591 Antverp.
1147 2552 1183 2578 a.
1219 2539 1334 2578 1635.
1356 2538 1581 2585 defunctus,
1615 2551 1716 2591 quos

255 2664 291 2694 in
303 2664 459 2704 plerisque
470 2666 622 2707 ejusmodi
634 2667 758 2715 scriptis
769 2678 894 2699 mecum
905 2677 960 2708 po-
1014 2666 1177 2698 familiaris
1191 2666 1282 2698 nobis
1296 2664 1384 2698 esse?
1389 2654 1644 2727 'Expressitquc
1658 2676 1710 2697 ec-

258 2706 414 2737 tissimum
425 2707 573 2747 loquariS.
611 2710 694 2740 Anv
679 2711 804 2746 evi-eris,
820 2721 861 2742 ne
877 2709 962 2751 apud
1014 2710 1129 2750 logum,
1147 2709 1235 2750 cujus
1249 2709 1370 2741 initium
1385 2714 1450 2740 est:
1470 2709 1575 2741 ‘Cum
1587 2714 1633 2741 tot
1646 2717 1712 2739 sus·-

258 2754 400 2790 posteros
426 2749 542 2781 infame
567 2752 623 2783 tibi
643 2753 694 2789 sit,
724 2754 807 2794 quod
831 2753 962 2785 videaris
1016 2753 1117 2784 tineas
1131 2757 1163 2783 et
1177 2757 1265 2784 tanta
1279 2752 1404 2794 negotia
1420 2751 1527 2783 solus?
