1858 3184
256 244 368 285 1772

257 346 384 379 Naunii
397 347 541 378 Miscell.
557 347 616 379 lib.
634 355 685 378 iv.
710 347 852 379 Tot-rent.

299 400 340 429 1⁰
364 397 449 433 Quid
475 397 587 438 Paris]
609 397 700 431 Quid
722 396 809 429 facit
832 397 952 428 Paris?

259 448 302 479 Ut
316 449 419 479 salvus
439 448 566 489 regnet]
588 449 674 479 Sunt
690 448 748 489 qui
770 446 952 488 legendum

256 505 329 529 esse
350 498 571 539 contendant,
590 502 626 530 ue
646 500 727 530 solus
752 501 863 537 regnet
874 508 887 534 ;
910 507 950 529 eo

255 556 369 587 sensu,
395 551 434 578 ut
457 548 485 578 si
509 548 564 579 vel
586 548 647 579 soli
667 546 786 579 Paridi
810 556 950 588 regnum

256 597 349 628 Asiae
363 596 570 637 deferretur,
585 607 626 628 ne
643 597 702 629 tali
719 597 854 639 quidem
871 606 951 629 cou-

254 646 384 679 ditione
400 647 568 678 Helenam
583 647 781 679 dimitteret.
823 647 951 678 Verum

252 696 331 729 libri
364 696 472 728 nostri
506 696 592 727 Mss.
628 706 744 728 omnes
774 702 951 736 receptam

254 746 459 786 scripturam
495 751 654 786 servant3
690 752 728 779 et
764 751 774 765 ‘
789 755 930 787 regnare
943 746 953 760 ¹

254 795 323 836 hic,
342 796 378 828 ni
397 794 506 832 fallor,
528 806 595 828 non
614 802 683 828 tam
699 797 868 838 imperare
883 797 950 837 sig-

255 845 385 886 nificat,
420 856 519 888 quam
555 845 703 879 feliciter
737 857 839 888 agere
856 858 866 879 z
900 852 951 886 ut,

255 896 364 928 ‘Vivo
393 901 429 928 et
453 906 571 938 regno,
592 897 690 929 simul
717 897 783 928 ista
804 896 951 938 reliqui.'

255 946 320 978 Est
335 946 425 978 euim
438 946 492 978 liic
506 947 649 988 insignis
665 947 821 979 stultitiae
838 956 950 978 exem-

255 995 348 1036 plum
365 996 474 1028 Paris.
500 996 641 1029 Torrent.

298 1048 338 1077 11
364 1046 445 1085 Cogi
455 1054 544 1086 posse
552 1045 663 1086 negat]
676 1045 730 1077 Ad
744 1044 951 1077 reddendam

254 1094 435 1127 Helenam.

298 1146 340 1175 12
376 1145 467 1176 Inter
497 1145 644 1176 Peleiden
663 1144 818 1185 festinat]
853 1145 952 1176 Inter

255 1194 423 1226 Achillem
437 1194 536 1225 Pelei
549 1192 669 1231 filium,
682 1199 718 1225 et
727 1192 952 1235 Agamemno-

253 1253 331 1275 nem
342 1243 447 1275 tilium
462 1243 570 1275 Atrei.

298 1295 338 1324 13
356 1293 452 1324 Hunc
461 1293 562 1332 amor]
577 1293 865 1334 Agamemnonem
877 1294 953 1325 Bri·

255 1343 358 1375 seidis
373 1353 467 1374 amor
482 1343 646 1375 incendit.
695 1343 884 1384 Utrumque]
905 1343 952 1375 A·

254 1401 508 1434 gamemnonem
525 1397 560 1424 et
577 1392 752 1424 Achillem.

297 1446 337 1475 14
360 1442 523 1484 Delirant]
555 1443 719 1475 Peccant.
762 1443 953 1476 Flectuntur

253 1493 383 1534 Achivi]
408 1494 528 1525 Plebei
540 1494 637 1525 luunt
652 1503 780 1534 poeuas.

298 1546 339 1575 18
376 1543 547 1584 Exemplar
578 1543 734 1585 Ulyssem]
767 1544 951 1586 Exemplar

254 1596 296 1626 ad
314 1595 525 1629 imitandum.

282 1648 338 1682 *19
363 1646 427 1682 Qua·
440 1646 575 1678 domitor
589 1646 706 1688 Trqjae]
729 1645 797 1677 Ubi
815 1646 949 1687 Trojam

253 1695 397 1729 domuit.
441 1696 590 1729 Domitor
607 1696 727 1736 Trojae]
750 1696 832 1727 Plus
851 1697 951 1738 Ulys-

253 1745 280 1774 si
321 1745 452 1780 tribuit,
488 1755 587 1786 quam
624 1745 760 1777 Achilli.
807 1745 951 1778 Tor-rent.

254 1794 428 1834 Providus]
445 1793 613 1825 Prudens.
631 1789 634 1792 ’

294 1846 337 1876 22
381 1843 604 1874 Immersabilis
638 1843 746 1883 undis]
787 1843 950 1876 Fortunae

255 1890 516 1932 tempestatibus
533 1891 718 1922 immersus.

295 1943 336 1973 23
361 1940 524 1972 Seiremem
537 1938 640 1979 voces]
660 1938 718 1983 Sic
742 1938 868 1974 Graeci,
883 1940 951 1970 Σει-

252 1989 354 2030 ρήνων
378 1988 428 2021 καὶ
455 1989 632 2035 Σειρηναΐον
655 1987 763 2027 μέλος.
809 1987 951 2020 Acheloi

252 2039 399 2073 fluminis
414 2044 451 2071 et
468 2040 641 2072 Musarum
658 2038 755 2070 unius
769 2037 847 2070 filioe
862 2037 950 2070 Sire-

252 2099 307 2121 nes
337 2089 573 2131 perhibentur.
619 2089 695 2120 Nec
726 2087 862 2124 desunt,
891 2088 950 2129 qui

251 2149 310 2171 eas
335 2138 500 2180 perfectae
515 2138 719 2180 eloquentiae
744 2147 785 2170 ac
799 2138 948 2170 suadelae

251 2190 439 2232 symbolum
468 2198 544 2221 esse
574 2188 688 2220 velint.
733 2188 874 2220 Illorum
898 2192 951 2220 ta·

253 2245 330 2272 men
351 2239 464 2282 potior
486 2238 658 2270 sententia
673 2242 738 2280 est,
753 2238 812 2280 qui
837 2239 847 2256 ‘
859 2239 950 2271 Sire-

253 2289 332 2322 nes'
355 2299 376 2321 a
397 2289 407 2307 ‘
419 2289 545 2320 Musis’
563 2288 612 2320 ita
627 2288 830 2329 distinxere,
845 2293 883 2320 ut
896 2288 949 2322 bae

253 2349 392 2381 prorsus
406 2340 563 2371 caelestes
577 2339 657 2379 sint,
672 2344 708 2370 et
732 2338 831 2370 rebus
846 2338 949 2370 subli-

252 2390 363 2422 mibus
378 2390 420 2422 ad
432 2390 588 2422 hnmanae
599 2389 676 2421 vitae
689 2399 783 2421 usum
799 2399 839 2421 ac
851 2393 951 2423 natus·

252 2450 302 2472 τω
326 2440 554 2481 coguitionem
564 2440 816 2481 pertinentibus
838 2439 950 2471 inteu-

255 2495 324 2528 tae;
349 2489 401 2520 liis
417 2499 552 2531 quoque
579 2490 636 2532 qui
657 2489 777 2522 eadem
798 2493 949 2522 tractant

254 2538 379 2578 studia,
391 2544 428 2570 et
449 2540 541 2570 illam
563 2539 673 2581 ipsam
700 2540 860 2580 indolem,
881 2548 949 2582 qua

256 2588 439 2628 ducuntur,
463 2589 642 2631 inspirent,
655 2594 692 2622 et
705 2590 811 2622 verba
826 2600 949 2632 suppe-

255 2639 382 2679 ditent,
401 2638 522 2679 quibus
544 2648 584 2670 ea
615 2650 689 2681 quae
716 2638 951 2682 cognoverint,

257 2693 339 2730 apte
363 2694 465 2730 atque
495 2697 537 2719 ex
553 2688 722 2728 dignitate
745 2691 849 2723 etiam
873 2691 948 2723 aliis

255 2739 408 2771 tradant.
439 2738 560 2779 ltaque
576 2738 695 2770 Poetis
711 2749 859 2780 praeesse
875 2750 949 2773 cre·

257 2790 448 2828 debriatum
486 2799 628 2830 quorum
667 2800 720 2823 ars
745 2792 827 2824 nihil
856 2793 949 2826 aliud

720 253 858 283 No'rAE
894 253 950 282 VA
962 253 1114 282 RlORU
1125 253 1154 282 Μ
1191 252 1239 282 lN

1001 357 1100 388 qnam
1117 355 1294 378 numerosa
1310 345 1464 387 qnaedam
1487 349 1522 377 et
1538 346 1691 387 perfecta

999 397 1196 439 eloquentia
1211 400 1275 428 est.
1317 397 1326 413 ‘
1338 396 1475 427 Sirenes
1487 395 1495 409 ¹
1507 401 1600 437 ergo,
1615 406 1677 430 ean

1001 447 1090 488 dem,
1103 456 1203 488 quam
1220 446 1286 477 illae
1300 446 1410 486 seriis,
1420 446 1500 487 ipsae
1516 446 1694 479 inutilibus

1001 507 1041 529 ac
1062 497 1250 538 nugacibus
1269 496 1372 527 rebus
1387 497 1547 528 sermonis
1563 495 1694 537 elegan-

1001 547 1059 578 tiae
1099 556 1213 578 curam
1253 545 1482 586 impendunt3
1517 551 1652 577 tantum
1675 549 1696 578 1
1744 576 1750 582 ,

999 597 1129 629 ‘Musis
1144 597 1154 611 '
1193 597 1440 636 discrepantes,
1479 601 1643 637 quantum
1676 605 1697 627 a

1001 647 1146 679 veritate
1176 646 1403 684 mendacium,
1432 650 1490 677 aut
1528 646 1647 678 umbra
1676 656 1696 677 a

1000 706 1155 738 corpore.
1199 696 1340 729 Canoris
1361 695 1466 736 igitur
1486 695 1584 737 nugis
1598 695 1696 727 dedi·¹

1001 747 1027 779 ti
1057 746 1209 778 homines
1240 746 1396 778 Sirenum
1430 744 1525 786 capti
1553 744 1695 777 vocibus

1000 807 1182 839 earumque
1202 797 1335 838 appulsi
1354 796 1502 837 scopulis
1524 800 1621 827 recte
1643 795 1695 827 di-

1000 852 1134 880 centur.
1160 847 1302 879 Tor-rent.
1345 845 1492 878 Sirenum
1502 845 1604 887 σοι-ει]
1625 845 1696 878 Vo-

999 898 1166 938 luptatum
1178 896 1369 929 illecebras·
1411 897 1457 927 Et
1467 895 1576 928 Circes
1586 897 1696 937 pocula

999 947 1098 988 nosti]
1120 943 1221 980 Circe
1247 947 1317 979 suis
1339 945 1512 978 veneficiis
1541 946 1695 978 homines

1000 998 1034 1029 in
1070 997 1164 1029 feras
1197 996 1366 1029 mutabat.
1433 996 1537 1028 Circe
1567 994 1695 1037 mla]

1001 1049 1057 1081 Sic
1068 1054 1104 1080 et
1119 1048 1226 1081 nostri
1239 1047 1398 1088 codices;
1420 1051 1458 1080 et
1471 1056 1552 1080 sane
1568 1047 1695 1082 ciream

1000 1108 1136 1140 semper
1151 1099 1280 1131 dixisse
1295 1098 1477 1132 Horatium
1501 1102 1620 1130 auetor-
1643 1101 1698 1129 aet

1000 1148 1115 1189 Caper
1137 1147 1400 1180 Grammaticus.
1441 1147 1557 1180 Circes
1582 1150 1698 1179 autem

999 1197 1116 1229 fabula
1146 1197 1303 1230 omnibus
1337 1200 1420 1228 nota
1433 1207 1444 1228 a
1477 1197 1698 1229 meretricem

1000 1246 1106 1279 fuisse
1151 1253 1272 1288 aperte
1319 1242 1470 1279 ostendit
1515 1245 1698 1287 Horatius,

1001 1297 1281 1339 quemadmodum
1298 1301 1336 1328 et
1350 1297 1502 1328 Sirenes.
1530 1296 1671 1328 stri-ent.

1041 1348 1083 1378 24
1108 1347 1189 1382 Quoe
1202 1346 1232 1378 si
1246 1345 1330 1385 um]
1353 1345 1440 1378 Qua
1455 1345 1578 1387 pocula
1594 1354 1695 1376 vene·
1734 1369 1741 1373 ,

1000 1396 1075 1429 fica.
1108 1397 1188 1428 Cum
1201 1396 1292 1428 sociis
1303 1396 1417 1428 atauus
1429 1395 1633 1436 efficiasque]
1651 1394 1693 1426 Id

999 1452 1067 1487 est,
1081 1447 1170 1489 quod
1194 1447 1222 1479 si
1246 1451 1317 1479 tam
1342 1446 1468 1479 stultus
1489 1450 1526 1477 et
1551 1446 1695 1485 cupidus

999 1496 1133 1534 fuisset,
1149 1501 1187 1529 ut
1201 1506 1243 1529 ea
1254 1506 1329 1529 cum
1346 1496 1445 1529 sociis
1461 1495 1609 1535 biberet,
1622 1495 1695 1527 vix-

998 1547 1083 1580 isset
1096 1548 1203 1586 cauis,
1217 1549 1282 1579 ὰς.
1309 1546 1417 1587 Stepfi.

1041 1600 1082 1629 25
1109 1596 1234 1638 Ήφίι]
1257 1597 1298 1628 In
1323 1595 1464 1627 formam
1481 1595 1604 1627 belluoe
1619 1603 1695 1627 ver·

999 1656 1055 1679 sus
1067 1647 1201 1679 suisset.
1246 1648 1291 1679 Et
1302 1646 1426 1687 excors]
1442 1645 1580 1678 Amana
1623 1646 1695 1678 Ex-

999 1699 1082 1740 cors]
1104 1692 1256 1731 Mente'm
1273 1697 1410 1739 quidem
1434 1697 1631 1728 retinebant
1647 1696 1697 1728 U·

999 1749 1097 1791 lyssis
1109 1748 1206 1784 socii,
1222 1748 1281 1780 sed
1297 1756 1393 1780 usum
1408 1745 1641 1789 perdiderant,
1656 1750 1695 1778 ut

998 1798 1234 1839 voluptatibus
1261 1797 1417 1839 corrupti
1443 1797 1579 1828 solent:
1615 1805 1694 1828 cum

1000 1847 1131 1879 animus
1155 1849 1273 1885 servit,
1292 1856 1417 1888 corpus
1445 1847 1612 1886 imperat:
1637 1855 1696 1887 pa·

999 1905 1073 1926 rum
1089 1900 1204 1927 autem
1220 1895 1335 1926 differt
1345 1904 1412 1926 non
1427 1904 1503 1926 esse
1514 1900 1549 1926 et
1560 1892 1627 1927 non
1637 1905 1698 1936 ap*

999 1954 1132 1986 parere.
1175 1944 1390 1984 Quamquam
1415 1943 1520 1974 etiam
1548 1943 1560 1959 ‘
1575 1951 1694 1974 excor—⁴

999 1993 1095 2025 dem’
1118 2001 1241 2025 vocare
1257 1992 1384 2034 potuit,
1407 1991 1442 2022 in
1457 2001 1525 2033 quo
1549 1991 1696 2024 1111ιὶ1νί-

999 2044 1070 2075 rilis
1085 2042 1187 2075 animi
1199 2041 1351 2074 futurum
1367 2045 1456 2082 erat,
1467 2042 1496 2073 si
1508 2041 1621 2074 Circe
1633 2041 1694 2074 ob-

999 2096 1237 2134 temperasset.
1255 2091 1400 2124 Tmen-e.

1039 2145 1082 2174 26
1110 2142 1168 2175 Vel
1191 2142 1292 2174 mica
1312 2142 1380 2173 luto
1391 2141 1461 2183 sus]
1484 2142 1535 2174 Ut
1548 2151 1605 2174 sus
1620 2142 1694 2175 luto

998 2193 1159 2235 gaudens.
1174 2194 1185 2232 1

1040 2246 1083 2276 27
1107 2243 1177 2274 Nos
1190 2251 1335 2275 numerus
1350 2242 1470 2284 samu]
1495 2243 1569 2275 Nos
1594 2241 1695 2274 turba

999 2302 1113 2326 snmus
1141 2293 1214 2324 sine
1242 2292 1584 2333 virtute‚.numerum
1610 2292 1694 2327 dun·

1001 2347 1096 2378 taxat
1111 2343 1300 2384 explentes.
1344 2342 1503 2374 Numerus
1515 2338 1637 2383 sumu]
1648 2342 1694 2376 101

999 2398 1064 2434 est,
1085 2393 1184 2425 turba
1212 2401 1339 2432 sumus,
1359 2396 1408 2433 et,
1432 2397 1472 2425 ut
1491 2392 1694 2434 inquit·Vir-·

999 2444 1111 2486 gilius,
1125 2443 1135 2459 ‘
1149 2443 1224 2475 sine
1235 2443 1382 2474 'nomine
1397 2441 1541 2483 vulgum
1566 2442 1695 2475 nulius

999 2493 1129 2534 classis,
1139 2493 1218 2532 loci,
1232 2496 1292 2524 aut
1305 2491 1435 2524 ordinis
1445 2491 1523 2528 viri.
1533 2495 1638 2534 atque
1651 2501 1694 2525 eo

998 2544 1075 2585 ipso
1098 2546 1242 2578 tautum,
1271 2539 1363 2583 quod
1385 2550 1515 2581 sumus,
1536 2541 1602 2574 boe
1626 2545 1694 2582 est,

998 2601 1139 2625 numero
1166 2590 1355 2624 censendi.
1381 2590 1432 2623 At
1452 2594 1585 2633 centra,
1601 2591 1611 2609 ‘
1625 2591 1694 2632 prl-

998 2642 1087 2683 mae‚'
1114 2640 1318 2680 ‘secundae,’
1338 2640 1476 2673 ‘tertia
1498 2637 1613 2676 note:
1634 2645 1694 2672 aut

999 2694 1009 2711 ‘
1021 2693 1143 2734 palmae
1152 2691 1162 2706 '
1177 2691 1293 2732 etiam,
1304 2690 1467 2723 dicuutur
1479 2698 1533 2730 ea,
1543 2687 1624 2730 'qun
1638 2699 1694 2721 ce·

998 2744 1082 2776 teris
1091 2745 1257 2784 praestant
1267 2751 1275 2772 ε
1290 2747 1327 2773 et
1335 2741 1413 2783 quia
1420 2739 1519 2782 pauci
1527 2743 1693 2780 praeatau-

998 2798 1062 2830 tes,
1083 2791 1163 2824 inde
1184 2790 1285 2832 fit,ut
1309 2791 1319 2808 ‘
1333 2789 1533 2833 pancorum'
1558 2789 1692 2821 nemine
