1858 3184
268 236 380 278 1774

266 339 414 379 minatur
439 339 659 381 juventutem
699 346 765 373 tam
796 341 963 382 supinam,

267 398 402 431 suaeque
431 390 549 421 salutis
576 391 624 422 ita
655 393 896 429 immemorem,
925 395 963 422 ut

266 439 396 470 etiamsi
427 439 536 480 possit
567 440 610 471 ab
640 441 829 472 imminenti
860 441 962 479 malo,

267 499 373 530 seque
399 499 526 531 suaque
557 500 703 526 servare,
733 491 819 522 nolit
848 494 963 523 tamen

266 538 474 580 expergisci,
500 548 604 580 seque
633 539 794 579 periculis
819 539 964 580 eripere.

268 587 365 628 Cruq.
414 588 458 619 Ut
479 587 625 627 jugulent
655 588 806 629 hornum]
850 589 964 620 Homi-

267 648 336 669 nem
363 637 488 669 habent
523 637 583 670 lib.
617 644 760 678 quatuor
797 639 965 671 meliores.

267 687 410 720 Tor-rent.
451 687 504 720 De
517 689 768 730 noctetatrones]
793 689 863 720 Per
885 698 964 720 noc-

268 742 349 769 tem.

309 789 351 818 3-1
375 786 414 818 Si
429 787 509 819 nolis
523 797 630 827 sanus,
646 798 750 820 curres
764 789 965 831 hydropicus]

267 836 303 867 Si
320 836 399 868 (lum
416 847 516 869 sanus
538 848 586 878 es,
610 839 799 880 expergisci
822 843 859 871 et
881 840 964 880 vigi·

267 887 340 918 lare
356 887 454 927 nolis,
476 892 514 919 ut
539 893 573 920 te
595 889 757 921 adversus
772 889 910 921 insidias
926 899 965 921 ac

267 935 334 966 vim
362 937 508 976 tuearis3
532 937 565 968 id
589 947 663 970 sero
689 939 751 970 tibi
773 948 862 970 eurae
885 939 965 978 erit,

268 995 345 1017 cum
364 986 606 1027 jam‚veterno
635 989 699 1020 isto
723 990 756 1020 in
782 989 964 1030 hydropem

268 1036 440 1068 incideris.
486 1038 531 1069 Et
549 1039 559 1056 ⁴
571 1039 750 1071 currendi’
765 1039 966 1071 vocabulum

270 1085 418 1117 studium
434 1087 517 1119 illud
533 1089 706 1129 exprimit,
721 1099 786 1131 quo
802 1090 891 1120 omni
911 1099 966 1120 co-

268 1140 350 1165 natu
375 1135 514 1167 liberari
534 1138 701 1178 cupimus.
746 1139 896 1170 Suadent
909 1148 966 1170 au-

269 1188 338 1215 tem
352 1184 488 1225 medici,
511 1191 562 1226 ut,
585 1187 675 1227 quod
692 1186 827 1218 facilins
845 1188 966 1220 tutius-

268 1243 333 1274 que
359 1239 426 1275 est,
451 1245 472 1266 a
496 1237 614 1267 morbo
638 1246 698 1268 nos
725 1247 969 1278 praeservemns

270 1284 396 1323 potius,
413 1294 511 1325 qnam
530 1290 567 1316 ut
590 1295 649 1326 spe
666 1286 850 1318 curationis
865 1288 970 1327 negli-

269 1333 403 1373 gentius
425 1343 560 1375 agamus
572 1345 593 1371 εν
605 1340 723 1367 notum
746 1336 852 1368 illud:
875 1339 884 1354 ‘
903 1337 968 1367 Ve-

271 1383 380 1415 nienti
397 1384 566 1416 occurrite
591 1385 734 1418 morbo.'
778 1387 857 1418 Pet.
875 1387 969 1418 Nan-

271 1435 347 1466 nius
371 1435 518 1466 Miscell.
545 1436 603 1467 lib.
626 1445 677 1469 1v.
699 1436 845 1468 Turneb.
862 1445 968 1468 xxvr.

272 1487 327 1517 2⁷.
352 1485 496 1517 Torrent.
555 1486 595 1517 Si
623 1486 707 1518 ables
731 1497 837 1527 sunus,
864 1496 970 1519 curres

268 1537 471 1578 hydropicus]
490 1537 654 1578 Plerique
669 1538 787 1579 legunt
798 1538 888 1574 nolis.
903 1547 969 1569 non

269 1588 364 1619 noles.
410 1588 463 1619 Ex
487 1597 554 1628 quo
578 1586 738 1619 facillime
762 1597 843 1619 vera
865 1588 970 1620 lectio

269 1637 419 1670 eruitur:
447 1638 487 1670 Si
499 1647 560 1670 non
574 1638 603 1670 is
616 1647 721 1675 sanus,
732 1647 839 1670 curres
853 1638 966 1679 hydro-

267 1689 367 1728 picus.
410 1689 447 1721 Si
469 1699 569 1721 sanus
594 1690 637 1721 ad
662 1690 830 1722 medicum
846 1699 912 1721 non
929 1689 968 1729 is,

271 1742 309 1770 nt
324 1738 478 1770 morbum
493 1743 700 1779 antevertas,
723 1744 814 1780 post,
833 1739 865 1770 in
882 1749 969 1771 mor·

271 1789 350 1820 bum
372 1788 543 1829 delapsus,
567 1797 634 1819 non
661 1790 724 1820 ibis
741 1794 888 1828 tantum,
909 1788 970 1820 sed

271 1847 400 1869 curres.
444 1839 559 1869 Animi
574 1839 727 1869 morbum
747 1849 846 1870 nemo
863 1843 972 1878 curat,

271 1887 349 1927 quia
368 1895 409 1917 ne
431 1886 534 1917 sentit
557 1886 710 1927 quidem:
734 1888 897 1927 corporis,
914 1897 971 1918 cu·

271 1940 351 1968 rant
365 1945 479 1968 omnes
495 1941 531 1967 et
546 1936 578 1966 in
594 1937 658 1967 isto
672 1935 850 1968 festinant.
867 1937 970 1968 Hein-

270 1987 346 2018 sius.
393 1985 512 2025 Sanus]
534 1985 570 2016 Si
587 1986 681 2016 noles
697 1985 776 2017 dnm
799 1995 900 2017 sanus
921 1996 970 2017 es.

273 2037 391 2068 Curres
417 2036 616 2077 hydropicus]
644 2036 769 2067 Curres
796 2036 838 2067 ad
865 2035 969 2067 medi·

273 2096 363 2126 cum,
379 2095 454 2117 cum
471 2084 580 2117 factus
596 2085 662 2116 eris
678 2085 894 2125 hydropicus.

316 2139 357 2167 35
380 2135 512 2167 Librum
526 2135 739 2176 cumzumine]
766 2135 850 2166 Haec
873 2134 968 2166 nimi-

273 2195 346 2218 rum
370 2186 427 2217 illa
449 2187 458 2204 ‘
476 2186 622 2226 piacula,
646 2195 721 2226 quae
743 2190 777 2217 te
798 2185 866 2216 'rer
887 2194 970 2225 pure

271 2237 364 2268 lecto
378 2240 541 2277 poterunt
553 2244 706 2267 recreare
717 2234 855 2266 libello!
885 2235 970 2266 Gra-

273 2286 383 2318 viores
406 2291 519 2317 antem
543 2285 871 2326 periculosioresque
892 2288 971 2315 sunt

274 2335 387 2377 animi,
413 2345 513 2377 quam
541 2335 692 2375 corporis
719 2334 848 2366 morbi:
873 2339 970 2366 tauto

274 2395 356 2426 ergo
372 2384 743 2426 diligentiusevitandi.
788 2384 834 2416 At
849 2389 970 2415 contra

275 2433 413 2465 evenire
443 2438 563 2474 postea
588 2433 761 2466 ostendit:
784 2442 823 2464 ac
847 2433 970 2465 scitum

275 2484 359 2515 illud
375 2483 540 2525 Diogenis
553 2484 673 2524 Cynici
686 2494 696 2514 z
719 2492 795 2514 cnm
813 2484 901 2514 enim
917 2492 969 2514 se-

276 2534 326 2564 rio
342 2533 538 2573 loquentem
554 2533 588 2564 in
605 2533 704 2564 turba
722 2542 820 2564 nemo
836 2533 969 2564 auscul·

276 2585 378 2617 taret,
406 2583 567 2613 musicam
596 2583 765 2623 occoepit3
796 2587 897 2624 atque
923 2582 971 2613 ita

276 2632 416 2664 intentis
442 2632 607 2672 omnibus,
636 2633 858 2674 exprobravit
880 2633 970 2675 quod

278 2682 321 2714 ad
338 2691 390 2713 res
405 2681 538 2722 ineptas
553 2691 670 2722 magno
684 2682 809 2716 *studio
828 2692 970 2716 concur-

278 2736 404 2772 terent,
421 2730 464 2763 ad
483 2731 574 2762 utilia
597 2737 698 2773 atque
722 2733 867 2764 honesta
881 2732 970 2764 tardi

277 2781 457 2816 admodum
472 2791 511 2816 ac
530 2782 752 2824 negligentes.
776 2783 916 2817 Torreat.

723 247 863 278 NO'PAE
897 244 1159 277 VARIORUM
1195 245 1243 276 IN

1055 343 1097 372 36
1119 340 1252 376 Studiis,
1267 343 1295 371 el
1317 339 1407 372 rebus
1421 339 1572 382 horrentis]
1594 341 1692 375 Philo

1015 391 1142 431 sopliiae
1158 391 1353 432 praeceptis.

1057 443 1098 472 3⁷
1126 441 1213 480 Vigil
1227 439 1420 482 torquebere]
1440 440 1557 472 Sciens
1573 449 1613 474 ao
1629 451 1709 483 pru-

1015 490 1109 572 degg·
1122 540 1257 572 Ludunt
1280 539 1398 580 oculos]
1423 540 1557 572 Oculum
1582 540 1710 582 legitor

1017 591 1050 622 in
1079 590 1270 622 melioribus
1297 595 1442 632 quatuor
1463 591 1711 631 manuscriptis.
1752 587 1758 591 ”

1017 640 1056 671 Si
1069 641 1144 680 quid
1158 640 1216 671 Est
1228 640 1380 680 animum]
1397 640 1558 672 Nonnulli
1574 640 1712 672 codices

1015 691 1134 730 siquod
1150 690 1292 730 habent,
1307 695 1452 731 utraque
1469 690 1574 722 lectio
1590 689 1713 722 idonea

1017 745 1082 772 est.
1129 741 1205 772 Esse
1229 746 1343 772 autem
1366 740 1504 772 animum
1523 739 1624 776 dixit,
1649 749 1712 780 pro

1017 791 1195 822 absumere
1212 800 1252 821 ac
1268 789 1478 822 tabefacere.
1504 790 1648 822 Torrent-

1059 842 1101 871 39
1120 840 1180 872 Est
1191 840 1342 880 animum]
1354 841 1388 872 Si
1401 840 1482 881 qnid
1495 840 1662 872 consumit
1676 844 1713 873 et

1017 891 1205 930 corrumpit
1222 891 1381 921 animum.
1686 929 1694 935 ρ

1059 943 1102 972 40
1135 940 1312 972 Dimidium
1331 939 1435 980 sacti]
1470 939 1559 972 Quia
1590 938 1713 980 princi·

1019 990 1109 1031 pium
1131 995 1184 1022 est
1207 990 1384 1021 dimidium
1409 989 1525 1021 totius.
1569 988 1712 1020 Hesiod.

1017 1041 1133 1081 Sapere
1145 1042 1236 1081 aude,
1248 1040 1367 1081 Incipe.
1402 1039 1530 1072 Notum
1547 1038 1714 1079 omnibus,

1019 1091 1109 1131 quod
1128 1096 1208 1121 ante
1230 1090 1410 1131 proposuit
1432 1088 1648 1131 proverbium
1671 1097 1714 1119 ex

1018 1139 1185 1175 Hesiodo,
1193 1137 1513 1181 ἆρχὴῆμισὺπανὶι-όε·
1525 1137 1714 1179 principiam

1018 1188 1181 1226 dimidium
1201 1189 1310 1221 totins,
1353 1189 1395 1221 Id
1417 1188 1522 1229 igitur
1545 1185 1716 1228 precipue

1019 1239 1052 1270 in
1079 1239 1288 1280 capessenda
1317 1237 1535 1279 Philosophia
1562 1235 1715 1278 conspici

1018 1289 1130 1321 Poeta
1151 1289 1398 1327 demonstrans,
1421 1287 1548 1319 audere
1563 1290 1599 1317 et
1613 1284 1716 1318 obfir-

1018 1343 1109 1369 mato
1139 1338 1244 1369 semel
1270 1337 1382 1368 animo
1408 1335 1561 1375 incipere
1591 1334 1715 1375 proeci-

1018 1388 1089 1428 pit:
1113 1396 1222 1428 neque
1242 1387 1276 1418 in
1302 1395 1425 1417 annum
1449 1384 1602 1426 differre,
1623 1384 1713 1426 quod

1017 1446 1228 1479 quacumque
1243 1441 1279 1468 et
1294 1440 1398 1468 aetate
1414 1441 1450 1468 et
1467 1441 1622 1476 ternpore
1636 1444 1715 1477 pro·

1018 1488 1075 1519 sit.

1060 1541 1103 1570 42
1128 1538 1292 1579 Rusticus]
1318 1537 1454 1578 Insigne
1475 1535 1650 1577 exemplar
1665 1535 1714 1576 ig-

1019 1589 1126 1620 naviae
1142 1593 1330 1629 expectans
1353 1587 1499 1619 rusticus
1513 1586 1593 1618 dum
1609 1586 1715 1617 amuis

1019 1637 1159 1678 defluat,
1174 1647 1248 1670 cum
1266 1639 1318 1669 vel
1334 1637 1432 1678 vado,
1453 1637 1507 1668 vel
1525 1641 1642 1677 ponte,
1661 1636 1715 1667 vel

1020 1689 1154 1729 navigio
1179 1688 1338 1727 transire,
1362 1688 1416 1719 vel
1438 1686 1540 1718 etiam
1565 1690 1716 1717 transna-

1020 1742 1095 1770 tare
1113 1737 1231 1779 possit.
1255 1737 1400 1769 Torreat.
1445 1736 1595 1768 Rusticus
1605 1745 1717 1776 expec-

1020 1792 1067 1820 tat
1081 1788 1169 1829 dum]
1191 1788 1347 1829 Rustiee,
1368 1787 1420 1819 vel
1437 1791 1599 1828 tanquam
1614 1785 1717 1817 rusti-

1021 1847 1081 1870 cns
1101 1839 1236 1878 (volens
1257 1836 1384 1868 flumen
1408 1835 1572 1876 tran-ire)
1592 1844 1716 1876 expec-

1021 1892 1086 1923 tat,
1100 1890 1166 1918 ὅτε.
1211 1886 1343 1925 Defluat
1362 1884 1478 1924 mis]
1499 1884 1619 1917 Donec
1644 1889 1717 1916 tots

1021 1944 1107 1976 aqna
1121 1935 1249 1974 elapsa,
1263 1934 1380 1964 alvens
1401 1939 1546 1964 arescat.

1061 1986 1105 2015 44
1130 1982 1300 2023 Puerisque
1325 1982 1416 2014 beato
1437 1980 1596 2022 creandis]
1620 1981 1716 2013 Uxor

1022 2033 1220 2074 pecuniosa,
1235 2032 1288 2064 vel
1304 2030 1388 2063 felix
1403 2032 1437 2063 in
1455 2031 1631 2073 pariendo.

1062 2086 1104 2115 4⁵
1127 2081 1305 2123 Pacantnr]
1323 2083 1546 2114 Excoluntur.

1062 2135 1106 2165 46
1128 2133 1219 2168 Quod
1237 2132 1319 2164 satis
1333 2136 1381 2164 est
1394 2132 1445 2164 cui
1458 2131 1624 2172 contingit,
1637 2131 1718 2164 sim

1019 2182 1150 2224 amplius
1176 2181 1275 2223 optet]
1307 2182 1417 2214 Vetus
1443 2182 1516 2213 haec
1545 2181 1716 2223 scriptura

1020 2236 1086 2268 est,
1102 2241 1162 2273 pro
1177 2241 1217 2263 eo
1231 2230 1321 2273 quod
1337 2240 1404 2263 non
1418 2231 1564 2271 libidini,
1580 2232 1640 2263 sed
1657 2241 1714 2263 na-

1021 2285 1108 2312 tnrae
1133 2279 1290 2313 sufficiat.
1335 2281 1411 2315 Qua
1426 2281 1470 2313 de
1492 2290 1528 2312 re
1550 2281 1716 2322 praeolare

1020 2331 1142 2362 iterum
1171 2330 1361 2371 Epicurus:
1392 2331 1402 2349 ‘
1418 2330 1455 2362 si
1485 2329 1528 2362 ad
1557 2335 1713 2363 naturam

1020 2382 1129 2422 vives,
1151 2390 1331 2422 numquam
1356 2380 1423 2412 eris
1448 2389 1599 2422 pauper3
1621 2381 1649 2412 si
1670 2381 1713 2412 ad

1020 2432 1206 2472 opiniones,
1219 2440 1400 2471 numquam
1416 2431 1484 2463 eris
1499 2429 1618 2463 dives?
1660 2429 1713 2463 Ac

1022 2485 1118 2513 vetus
1134 2480 1243 2512 Poeta
1258 2481 1435 2513 Comicus:
1453 2483 1462 2499 ‘
1476 2481 1555 2512 Non
1571 2484 1624 2512 est
1637 2480 1715 2512 bea·

1022 2535 1076 2563 tus
1099 2540 1173 2563 esse
1197 2531 1254 2572 qni
1278 2540 1315 2562 se
1334 2539 1400 2562 non
1422 2530 1547 2572 putat!
1570 2531 1714 2564 mene.

1024 2580 1134 2621 Optet]
1151 2580 1285 2621 Optare
1301 2579 1417 2613 debet.

1062 2634 1105 2663 47
1122 2632 1195 2662 Non
1210 2632 1317 2663 dom
1330 2634 1362 2663 et
1375 2630 1512 2672 suadas]
1531 2631 1622 2663 Num
1638 2634 1711 2662 tan-

1022 2686 1092 2713 tum
1109 2680 1220 2717 abest.
1232 2685 1268 2712 ut
1280 2679 1423 2712 fortuita
1432 2679 1714 2713 bona-sublevent

1022 2732 1125 2765 animi
1139 2732 1274 2764 morbos
1298 2736 1335 2764 et
1358 2731 1587 2774 aegritndines,
1600 2737 1641 2764 ut
1654 2740 1711 2763 eas

1021 2782 1129 2824 magis
1144 2786 1366 2824 augmentent
1380 2780 1572 2826 cupiditate
1592 2785 1629 2816 et
1643 2789 1711 2813 me·
