1858 3184
264 195 376 240 1856

306 303 368 335 157
391 300 522 340 Agresti
536 301 644 342 Latio]
669 301 781 334 Italia
807 301 956 335 incultae.

261 350 319 382 Sic
341 351 486 382 horridus
513 351 581 391 ille]
616 351 692 383 Hoc
711 350 812 384 modo
841 353 958 393 paula-

261 401 323 432 tim
354 401 496 432 evanuit
525 410 684 433 numerus
710 401 766 433 ille
795 401 956 435 Poenicus

260 449 446 492 impolitus,
461 452 518 492 qui
542 452 690 484 Saturno
713 457 874 493 regnante
896 452 956 485 flo-

259 505 389 532 ruerat.

267 583 275 592 ,
303 552 365 581 158
414 550 557 592 Dqfluxit
591 561 736 584 numerus
769 551 953 593 Saturnius]

258 599 316 631 Sic
331 609 451 632 versus
478 606 577 632 vocat
600 602 862 643 antiquissimos,
879 612 954 643 per-

258 649 340 681 inde
356 659 396 682 ac
418 651 447 682 si
471 660 539 682 uua
560 661 636 683 cum
650 652 797 684 Saturno
810 652 843 684 in
858 653 952 684 [tali-

256 708 324 736 am.
350 699 392 732 ab
414 700 486 742 ejus
514 701 582 741 Dei
603 702 710 733 tutela
731 702 810 733 olim
835 703 953 734 Satur-

255 750 345 781 niam
359 751 582 791 appellatam,
609 752 804 783 venissent:
830 752 952 793 quibus

256 801 404 842 Faunus,
418 805 456 833 ut
480 801 590 843 iuquit
616 802 752 842 Festus,
767 800 840 833 fata
862 803 953 835 ceci-

252 850 345 882 nisse
371 851 557 883 hominibus
586 852 732 883 videtur.
763 851 862 884 addit
885 853 952 884 Lu.

254 902 344 934 cium
367 902 534 939 Poe'tam,’
560 902 570 920 ‘
585 903 736 934 versibus
764 902 953 935 Saturniis'

254 952 379 984 bellum
391 953 560 985 Punicum
573 955 761 995 scripsisse,
770 958 809 986 ut
819 960 854 986 et
868 956 952 987 alios

252 1002 328 1034 alia.
365 1003 413 1035 Et
426 1003 651 1035 Terentianus
664 1003 800 1045 quidem
814 1010 952 1036 veteres

251 1052 465 1084 existimasse
494 1053 556 1092 ait,
584 1053 849 1085 ‘Saturninum’
880 1054 950 1086 dic-

250 1105 323 1132 tum
343 1111 419 1133 esse
434 1111 583 1140 versum,
596 1107 768 1143 tamquam
784 1102 882 1134 Italis
898 1111 951 1134 re·

250 1155 408 1191 pertum:
446 1152 604 1184 Graecam
636 1157 749 1183 tamen
784 1153 951 1193 originem

248 1201 383 1232 censeri
398 1201 539 1233 debere.
571 1201 732 1233 Meminit
747 1201 852 1233 etiam
864 1202 950 1233 Var-

250 1259 288 1281 ro
305 1251 445 1291 Linguae
458 1251 590 1282 Latinae
606 1251 666 1282 lib.
682 1260 733 1283 vr.
744 1256 781 1282 et
797 1251 952 1291 pluribus

250 1299 360 1331 Hadr.
371 1300 394 1333 J
398 1301 493 1331 unius
507 1300 687 1333 Animadv.
702 1301 949 1333 1.11.'rurneb.

249 1348 359 1382 xxvi.
376 1352 430 1381 24.
458 1350 500 1381 de
526 1350 631 1381 verbo
655 1355 770 1382 autem
795 1348 945 1382 ‘fluere'

247 1397 324 1430 vide
349 1407 373 1430 1.
403 1397 471 1430 od.
494 1401 548 1431 12.
587 1399 731 1430 Torrent.
778 1399 822 1429 Et
846 1408 947 1438 pave

244 1448 348 1489 virus]
366 1448 551 1480 Barbaram
564 1450 766 1486 orationem,
780 1458 856 1490 quae
872 1453 948 1480 tan-

247 1507 348 1539 quam
384 1498 477 1529 virus
514 1508 613 1530 aures
659 1498 779 1530 doctas
812 1503 945 1530 enecat.

248 1547 353 1579 Grave
363 1547 466 1589 virus]
494 1548 590 1581 Virus
605 1548 695 1580 idem
711 1547 801 1589 quod
821 1551 831 1566 ‘
847 1557 946 1580 vene-

245 1596 349 1637 num,'
363 1597 414 1630 ita
434 1598 522 1630 utin
548 1599 670 1631 bonam
694 1598 799 1630 etiam
814 1602 946 1639 partem

247 1646 357 1688 accipi
393 1648 512 1688 possit.
571 1647 795 1679 Grammatici
833 1651 946 1679 tamen

244 1697 386 1737 proprie
402 1698 445 1729 ad
462 1697 578 1729 odoris
595 1698 800 1738 gravitatem
823 1696 946 1728 referri

243 1746 408 1779 tradunt:
445 1756 647 1789 quamquam
677 1751 714 1778 et
741 1746 944 1787 de'saporis

243 1797 446 1837 acerbitate,
469 1802 505 1829 et
521 1797 669 1839 denique
688 1797 731 1828 de
743 1805 945 1838 quacunque

243 1848 431 1887 asperitate
452 1847 598 1884 dicatun
642 1847 700 1878 Sic
713 1847 818 1887 igitur
833 1846 943 1878 Hora-

243 1896 311 1927 tius
328 1896 475 1936 priscam
493 1896 584 1926 illam
606 1895 778 1927 feritatem
802 1899 838 1926 et
853 1904 942 1926 ama-

243 1945 421 1977 rulentiam
435 1955 535 1984 grave
548 1945 634 1975 virus
649 1948 763 1984 vocat,
779 1943 831 1974 cui
844 1943 940 1975 bonae

241 1999 335 2027 artes
354 1995 538 2026 remedium
555 1995 728 2026 invenere.
755 1994 898 2025 Torrent.

285 2049 349 2078 159
378 2045 552 2077 Munditioe
576 2046 737 2086 pepulere]
777 2044 881 2076 Nitor
905 2050 940 2076 et

239 2095 411 2138 elegantia
425 2095 625 2127 Graecarum
652 2094 780 2125 aurium
799 2095 938 2134 expule-

239 2151 333 2187 runt,
348 2148 414 2179 &c.
459 2145 523 2177 Sed
534 2146 567 2177 in
581 2144 721 2184 longum]
747 2144 800 2175 Ad
813 2144 937 2175 bellum

238 2205 347 2238 nsque
363 2194 628 2235 Punicum‚fere
644 2194 796 2226 tertium.

284 2249 347 2278 loo
369 2245 535 2286 Hodieque
546 2247 669 2276 mamm
690 2244 825 2284 vestigia
837 2244 937 2286 ruris]

239 2296 319 2329 Hoc
333 2296 447 2328 obiter
463 2295 505 2328 ad
520 2295 680 2327 invidiam
696 2295 826 2325 illorum
842 2294 938 2334 dicit,

238 2346 296 2387 qui
321 2346 424 2377 etiam
442 2345 587 2386 Augusti
608 2348 712 2376 aetate
732 2343 835 2375 rudes
862 2344 936 2375 illos

238 2398 275 2426 et
290 2395 438 2427 incultos
460 2400 595 2434 veteres
615 2395 798 2435 scriptores
821 2398 936 2426 tanto·

237 2453 319 2484 pere
355 2443 628 2483 admirabantur3
667 2443 814 2475 nondum
852 2443 936 2475 satis

237 2493 310 2524 noti
325 2492 471 2534 Virgilio
495 2494 640 2535 ejusque
665 2493 862 2534 aequalibus,
877 2493 935 2534 qui

238 2550 305 2572 una
326 2551 401 2574 cum
443 2543 587 2574 Horatio
621 2542 778 2583 floruere,
806 2547 842 2574 et
878 2551 934 2573 rus

238 2599 337 2621 omne
374 2591 569 2623 edomuere.
609 2593 753 2623 Tor-rent.
821 2591 935 2632 Ruris]

237 2639 451 2672 Rustieitatis
467 2642 500 2672 in
519 2642 678 2673 Romanis
692 2641 823 2673 Poetis.

281 2690 341 2720 161
358 2689 455 2721 Serus
466 2691 546 2722 enim
561 2692 685 2723 Graecis
695 2690 848 2732 adnwvie]
866 2690 935 2723 Ro·

232 2747 352 2772 manus
361 2748 436 2772 sero
453 2741 599 2772 studium
613 2742 761 2774 contulit
773 2742 816 2774 ad
828 2743 934 2783 scrip·

719 208 860 243 NOTAE:
890 209 1157 242 VARIORUM
1190 212 1242 242 IN
1278 231 1281 235 ·

1010 307 1047 334 ta
1067 303 1278 337 Graecorum.
1320 303 1475 338 Ammine
1493 306 1704 349 cunti-1111-

1008 353 1100 394 genii
1112 354 1165 385 sui
1181 354 1260 387 vim.
1386 390 1388 393 ,
1529 382 1535 389 ,

1052 406 1113 436 162
1138 405 1215 436 Post
1241 403 1366 436 Punica
1391 405 1485 446 bella]
1509 403 1641 439 Eadem
1655 406 1704 440 sle

1006 462 1043 484 re
1060 453 1190 486 Gellius
1216 454 1276 485 lib.
1302 462 1398 485 xvii.
1422 454 1482 486 sed
1501 453 1708 495 mendosum

1004 503 1186 544 lego*enim
1201 514 1210 534 ε
1242 506 1251 522 ‘
1266 503 1410 535 Porcius
1423 507 1536 536 autem
1551 503 1705 546 Licinius

1004 554 1110 586 serius
1133 553 1311 586 Poecicam
1328 554 1445 586 Rom
1460 552 1609 595 coepisse
1621 554 1706 593 dieii
1733 565 1740 571 ’

1004 603 1038 635 in
1054 604 1147 635 hisce
1173 603 1347 635 versibus:
1373 603 1524 638 ‘Punico
1547 603 1639 636 beno
1652 613 1705 636 sev

1004 654 1117 685 cundo
1129 654 1230 685 Musa
1245 658 1394 695 pennato
1409 655 1518 695 gradu
1529 654 1654 687 Intulit.
1667 663 1705 688 se

1003 703 1199 736 bellicosam
1212 704 1246 734 in
1257 703 1392 736 Romuli
1407 709 1546 745 gentem
1556 703 1686 738 feram:
1698 705 1707 718 '

1003 753 1180 786 Libertum
1195 753 1284 784 enim
1300 752 1405 786 fuisse
1418 754 1521 786 credo
1533 764 1554 786 a
1565 754 1706 794 Porcio·-

1003 812 1075 834 rum
1112 803 1225 844 aliquo
1261 803 1516 838 manumissum.
1559 804 1703 837 Tor-rene.

1004 853 1154 894 Quietus]
1180 852 1272 884 Pace
1289 853 1435 893 potiens.

1045 905 1108 934 163
1132 902 1219 939 Quid
1243 902 1423 945 Sophocles]
1444 903 1559 936 Greci
1580 903 1702 940 Poetae

1001 952 1150 992 Tragici.
1171 985 1175 989 ,
1204 950 1350 993 Thespia]
1384 954 1576 994 Tragoediae
1611 954 1703 996 apud

1003 1001 1144 1034 Graecos
1155 1006 1285 1042 auctor,
1301 1006 1338 1033 ut
1349 1002 1461 1043 Epist·
1475 1003 1520 1035 ad
1535 1003 1679 1037 Pisone·
1694 1016 1702 1034 2

1003 1054 1012 1067 ¹
1028 1050 1190 1091 Ignotum
1218 1050 1375 1091 Tragicae
1400 1061 1509 1092 genus
1535 1052 1702 1089 iuvenisse

1002 1099 1172 1131 Camoeuoe
1187 1099 1353 1136 Dicitur‚’
1369 1103 1443 1133 σω.-
1457 1100 1623 1142 Turi-ente

1043 1151 1107 1180 164
1128 1148 1168 1180 Si
1181 1149 1277 1188 digne
1297 1151 1417 1182 oea-tere
1427 1151 1549 1194 pum]
1572 1150 1628 1183 An
1644 1160 1703 1193 ap·

1001 1202 1037 1231 te
1061 1198 1251 1231 transferre
1274 1203 1391 1240 posset
1414 1199 1542 1233 Graeca
1561 1200 1597 1234 in
1612 1201 1704 1237 Iastia-

998 1258 1079 1280 num
1094 1251 1297 1282 sermonem:
1692 1276 1694 1279 ,

1042 1301 1102 1331 165
1127 1298 1278 1331 Sublimis
1292 1302 1324 1331 et
1336 1300 1425 1341 αισα]
1449 1300 1578 1342 Magno
1589 1301 1700 1334 animo

998 1348 1179 1389 praeditus.

1042 1401 1104 1430 166
1126 1398 1237 1438 Spirat
1261 1397 1417 1438 tragicum
1435 1399 1530 1440 satis]
1550 1399 1699 1442 Spiritus

996 1446 1099 1479 habet
1137 1446 1299 1487 tragicos.
1345 1448 1389 1479 Et
1416 1448 1560 1487 feliciter
1585 1451 1700 1492 audet]

997 1495 1098 1529 Quod
1113 1496 1247 1536 incipit,
1263 1495 1410 1537 perficit.

1040 1548 1101 1578 167
1124 1545 1186 1577 Sed
1205 1549 1327 1587 turpem
1342 1546 1451 1588 putat]
1473 1547 1542 1580 Sed
1557 1548 1698 1589 erubes-

983 1596 1045 1627 'cit
1055 1606 1116 1628 sua
1131 1596 1260 1638 scripta
1273 1597 1471 1630 emendare.
1495 1599 1537 1630 In
1550 1599 1699 1642 εοήριίε]

995 1647 1124 1678 Versus
1154 1646 1219 1678 iste
1241 1647 1276 1678 in
1303 1647 1434 1689 aliquot
1453 1647 1594 1689 optime
1615 1648 1696 1682 fidei

997 1695 1171 1728 codicibus
1199 1697 1346 1738 legitur:
1369 1697 1433 1730 Sed
1458 1702 1580 1739 turpem
1601 1704 1696 1740 putat

993 1745 1105 1778 inscite
1116 1757 1129 1783 ,·
1143 1750 1179 1778 et
1191 1747 1400 1788 adscriptum
1413 1748 1447 1780 in
1460 1758 1528 1780 uno
1538 1758 1551 1788 ς
1562 1749 1572 1766 ‘
1585 1749 1619 1780 id
1632 1756 1699 1790 est,

994 1796 1101 1827 stulte
1113 1794 1134 1826 ε’
1155 1804 1221 1827 nec
1235 1795 1376 1828 dubium
1390 1797 1469 1838 quin
1484 1797 1535 1829 ita
1547 1798 1697 1839 legerint

994 1844 1124 1887 antiqui
1152 1845 1391 1886 Interpretes:
1415 1855 1520 1888 quare
1550 1851 1586 1879 et
1613 1847 1697 1881 mihi

992 1888 1180 1936 probatum
1202 1905 1281 1926 uam
1296 1895 1380 1927 illud
1402 1895 1542 1928 inscitia
1556 1897 1696 1929 mendo-

992 1957 1066 1979 sum
1082 1952 1133 1978 est
1151 1956 1213 1986 pro
1227 1946 1350 1978 inscite.
1372 1946 1532 1979 Torrent-

1035 1998 1098 2027 168
1123 1995 1284 2030 Creditur,
1312 2004 1354 2026 ex
1382 1995 1496 2036 medio]
1518 1996 1695 2029 Comoedia

991 2046 1142 2077 ereditur
1168 2054 1234 2076 uon
1255 2054 1329 2077 esse
1345 2044 1526 2086 laboriosa,
1542 2047 1625 2088 quia
1639 2056 1693 2078 ar-

991 2095 1106 2135 cessit,
1113 2094 1148 2126 id
1158 2098 1225 2134 est,
1233 2095 1335 2126 sumit
1347 2096 1524 2128 materiam
1537 2106 1556 2128 e
1567 2097 1692 2134 medio,

989 2145 1024 2176 id
1050 2150 1117 2185 est,
1138 2154 1182 2176 ex
1203 2144 1274 2176 vita
1295 2145 1476 2177 communi.
1522 2147 1579 2178 Ex
1591 2147 1693 2179 maio

988 2194 1061 2235 quia
1071 2204 1122 2226 res
1133 2194 1278 2236 arcessit]
1293 2193 1452 2227 Accessit
1464 2196 1591 2228 liabent
1605 2197 1693 2230 Mus.

986 2245 1095 2276 nostri
1125 2254 1254 2284 omnes,
1278 2255 1345 2276 uno
1368 2245 1496 2278 demto.
1541 2246 1589 2278 Et
1608 2255 1689 2289 sane

987 2303 1054 2324 non
1081 2293 1180 2325 video
1196 2303 1256 2326 cur
1270 2294 1399 2336 aliquid
1415 2301 1605 2335 mutemus;
1627 2305 1689 2327 cur

986 2344 1075 2376 enim
1092 2354 1160 2376 non
1176 2354 1274 2386 aeque
1292 2345 1413 2377 Latine
1435 2355 1508 2377 rem
1529 2345 1540 2362 ⁴
1553 2354 1597 2376 ex
1618 2354 1688 2376 me·

986 2395 1044 2428 dio
1056 2395 1245 2436 accedere,'
1267 2401 1304 2428 et
1328 2397 1338 2414 ‘
1351 2406 1394 2428 ex
1411 2396 1527 2428 medio
1540 2396 1668 2428 arcessi
1680 2397 1690 2410 '

986 2446 1159 2485 dicemus3
1183 2446 1367 2479 arcessitur
1391 2446 1482 2478 enim
1504 2451 1543 2479 ut
1558 2445 1687 2482 veniat.

986 2496 1063 2526 Nec
1086 2496 1096 2514 ‘
1112 2494 1200 2526 rem’
1223 2505 1285 2536 pro
1310 2499 1513 2537 argumento
1535 2495 1602 2527 diei
1626 2504 1687 2529 no-

986 2553 1062 2575 vum
1088 2549 1151 2576 est.
1196 2544 1312 2577 Quare
1337 2545 1420 2576 nihil
1445 2544 1685 2586 interestque»

985 2593 1087 2624 modo
1102 2594 1248 2634 legatur.
1272 2595 1420 2626 Torreat.

1027 2646 1088 2674 160
1123 2643 1255 2676 Sudor-is
1281 2645 1456 2685 ’nimiminus
1480 2643 1562 2685 &c-J,
1581 2643 1684 2676 Mini-

982 2702 1072 2724 mum
1088 2693 1223 2725 laboris.

1026 2745 1089 2774 170
1111 2742 1258 2784 Adspice,
1289 2743 1440 2785 Plautus]
1474 2743 1586 2776 Nemo
1612 2751 1680 2774 me-
