1858 3184
258 189 372 232 1930
748 200 952 230 No'ri'rm
980 198 1259 235 m‘rnnama

256 299 559 351 chronologicae,
582 307 622 338 ut
643 300 861 351 insignibus
885 299 1161 351 speciminibus
1182 297 1479 344 demonstravit,
1495 296 1602 335 baud
1621 296 1706 335 vul-

257 364 399 415 gariter
417 364 566 416 peritus
586 365 649 403 Jo.
671 365 902 411 Massonus,
929 364 1134 416 praemissa
1153 362 1306 401 Horatii
1325 362 1470 413 effigie,
1497 374 1615 412 quam
1639 373 1708 399 ex-

255 427 364 466 hibet
379 441 537 479 quoque
556 429 644 466 Jac.
663 428 885 467 Gronovius
905 428 951 466 T.
973 441 1048 466 111.
1061 426 1252 465 Thesauri
1267 425 1404 477 Antiq.
1419 425 1488 464 Gr.
1504 425 1620 463 Liter.
1639 437 1708 464 sse.

258 492 378 531 Extat
396 504 551 543 quoque
566 491 717 542 effigies
738 492 890 530 Horatii
910 491 950 530 in
971 491 1119 543 duplici
1147 503 1307 529 nummo
1339 489 1445 541 apud
1465 489 1707 541 Sigebertum

258 550 570 607 Havercampum
593 554 686 592 diss.
709 555 759 594 de
776 556 902 594 numis
922 555 1178 599 contorniatis
1198 567 1238 606 p.
1263 555 1353 593 152.
1393 553 1524 592 Vitam
1540 551 1707 598 Horatii.

257 632 346 671 quae
383 619 572 658 Suetonio
606 619 755 658 auctori
791 620 990 666 tribuitur,
1023 633 1071 657 ex
1109 618 1255 657 Codice
1298 618 1376 656 Ms.
1410 617 1587 669 vulgavit
1622 615 1708 655 Pet.

258 683 542 721 Nanniuscum
562 683 886 734 castigationibus
909 683 989 722 suis
1011 682 1301 721 Miscellaneor.
1324 694 1397 722 111.
1417 694 1452 719 c.
1474 683 1512 719 2.
1529 680 1655 730 (Tom.
1677 692 1710 717 1.

258 747 467 799 Lampadis
487 747 638 786 Artium
661 747 907 786 Gruterianae
928 759 1022 798 pag.
1046 747 1178 795 1261.)
1197 746 1291 784 Vita
1310 745 1465 784 Horatii
1480 758 1503 783 a
1521 746 1585 784 Jo.
1602 744 1712 782 Mas·

258 824 329 850 son
345 813 357 830 ¹
389 811 533 862 scripta
551 811 696 862 prodiit
716 811 842 862 Lugd.
863 811 951 849 Bat.
981 812 1099 849 1708.
1123 811 1159 848 8.
1188 809 1397 848 Videndus
1418 809 1536 848 etiam
1557 808 1607 847 de
1627 807 1711 846 Ho-

257 875 354 913 ratio
366 875 518 927 Tanaq.
537 875 663 914 Faber
681 876 746 913 lib.
771 888 821 912 11.
845 875 971 926 Epist.
991 876 1055 912 47.
1097 873 1206 912 Idem
1220 874 1434 912 Massonus
1456 874 1496 910 in
1512 873 1616 911 Hist.
1636 872 1711 910 cri-

256 938 336 977 tica
352 938 467 990 Reip.
489 938 648 977 Literar.
670 952 786 990 quam
803 938 956 976 Gallice
970 937 1095 976 edidit
1108 938 1220 975 Tom.
1244 950 1285 976 v.
1305 950 1343 988 p.
1366 939 1430 975 51.
1454 950 1513 988 sq.
1535 935 1713 974 defendit

257 1003 431 1048 carmina
459 1003 498 1040 in
527 1002 633 1040 libris
654 1002 844 1049 odarum,
875 1002 1040 1047 Satiras,
1070 1008 1110 1039 et
1129 1000 1328 1052 Epistolas
1358 1000 1536 1051 singulas
1557 1000 1605 1038 ab
1626 998 1710 1036 Ho-

257 1066 370 1112 ratio,
390 1072 504 1117 prout
525 1066 642 1104 ferret
656 1066 828 1112 occasio,
848 1066 969 1103 fuisse
991 1065 1158 1116 scriptas
1177 1065 1281 1102 vario
1298 1071 1470 1116 tempore
1487 1063 1710 1114 separatim,

257 1135 297 1166 et
315 1128 458 1166 deinde
482 1130 531 1166 ab
552 1128 690 1166 eodem
711 1129 749 1165 in
770 1129 890 1166 libros
910 1128 1116 1168 redactas:
1151 1140 1279 1178 neque
1309 1127 1408 1166 adeo
1436 1126 1559 1165 videri
1587 1125 1715 1164 credi-

256 1192 347 1239 bile,
377 1191 484 1243 quod
502 1191 768 1231 eruditissimo
786 1192 966 1232 Bentleio
992 1204 1224 1243 persuasum
1245 1191 1375 1238 fuerit,
1411 1194 1427 1241 (
1445 1205 1483 1231 v.
1497 1190 1609 1243 praef.
1629 1190 1714 1241 ejus

258 1256 309 1293 ad
330 1256 533 1294 Horatium
550 1256 598 1293 ab
618 1257 704 1306 ipso
725 1257 936 1305 curatum,)
956 1255 1051 1293 nihil
1071 1249 1146 1293 nisi
1167 1255 1316 1294 Satiras
1335 1255 1460 1307 primo
1490 1255 1587 1293 libro
1606 1267 1713 1294 com-

256 1319 471 1370 prehensas
504 1319 711 1370 scripsisse
742 1320 948 1357 Horatium
979 1332 1084 1358 anno
1105 1320 1170 1357 26.
1192 1321 1257 1357 27.
1276 1321 1347 1359 28.
1381 1326 1449 1356 aut
1479 1319 1618 1356 librum
1650 1331 1712 1356 se—

257 1382 430 1422 cundum
451 1382 663 1420 Satirarum
684 1395 788 1420 anno
806 1384 871 1420 31.
894 1384 957 1420 32.
978 1384 1042 1420 33.
1074 1382 1241 1433 Epodon
1269 1382 1410 1424 librum
1435 1394 1540 1420 anno
1561 1383 1627 1420 34.
1649 1383 1714 1420 35.

256 1435 394 1485 librum
411 1446 576 1497 primum
597 1445 774 1484 Odarum
796 1459 831 1484 a.
852 1446 982 1484 aetatis
1003 1446 1069 1485 36.
1092 1447 1155 1483 37.
1175 1447 1240 1484 38.
1265 1444 1483 1485 secundum
1502 1447 1569 1484 40.
1590 1451 1630 1484 et
1647 1447 1714 1484 41.

255 1511 415 1549 tertium
435 1522 538 1548 anno
560 1511 626 1548 42.
648 1511 715 1550 43.
773 1510 1035 1561 Epistolarum
1056 1509 1196 1547 librum
1226 1509 1407 1561 primum,
1437 1522 1541 1548 anno
1560 1510 1626 1548 46.
1647 1510 1716 1551 47,

254 1574 397 1613 librum
410 1580 592 1625 quartum
606 1573 780 1612 Odarum
795 1574 1043 1625 Carmenque
1057 1573 1247 1612 saeculare
1260 1575 1326 1611 49.
1338 1575 1403 1612 50.
1419 1575 1517 1624 <³251
1528 1602 1537 1612 .
1557 1573 1715 1612 Librum

258 1638 477 1677 secundum
495 1637 758 1688 Epistolarum
772 1644 812 1675 et
827 1637 960 1675 Artem
977 1637 1172 1688 poeticam
1191 1637 1290 1674 nulli
1304 1644 1412 1675 certo
1428 1637 1591 1689 tempori
1610 1636 1715 1674 idem

259 1701 460 1740 Bentleius
479 1699 710 1751 assignavit.

313 1766 374 1805 De
403 1764 662 1816 Philosophia
691 1764 910 1803 Horatiana
941 1769 1078 1804 extant
1111 1763 1289 1804 diatribae
1314 1765 1381 1804 Jo.
1403 1763 1513 1803 Guil.
1545 1764 1716 1816 Bergefi,

256 1830 388 1868 Viteb.
413 1829 533 1867 1704.
554 1831 593 1866 4.
610 1835 650 1867 et
670 1828 874 1880 Henningi
895 1829 1052 1875 Forelii‚
1074 1828 1211 1880 Upsal.
1238 1830 1354 1868 1706.
1377 1830 1414 1867 8.
1436 1828 1542 1867 Dan.
1563 1827 1717 1867 Heinsii

261 1893 309 1931 de
330 1892 458 1929 Satira
478 1891 697 1930 Horatiana
714 1892 811 1930 liber
831 1893 975 1943 saepius
1005 1892 1158 1930 editus:
1191 1906 1265 1930 nec
1292 1893 1422 1931 minus
1451 1891 1582 1943 dignae
1611 1892 1718 1930 lectu

259 1962 299 1994 et
318 1968 482 1993 amoenae
503 1955 567 1992 Jo.
587 1955 676 1993 Jac.
691 1955 858 1992 Mascov
876 1954 1174 1992 exercitationes
1194 1955 1298 1992 binae
1319 1955 1370 1992 ad
1387 1955 1535 1992 Satiras
1554 1954 1718 2000 Horatii,

260 2007 366 2071 Lips.
395 2019 511 2055 1714.
535 2018 651 2055 1716.
672 2020 712 2056 4.
758 2018 822 2055 Ad
841 2019 970 2056 locum
989 2030 1080 2056 vero
1101 2017 1203 2055 Odae
1225 2020 1290 2055 34.
1311 2017 1398 2055 libri
1415 2030 1448 2056 1.
1466 2017 1547 2063 ubi,
1567 2018 1720 2068 palino-

264 2082 368 2121 diam
387 2080 565 2120 canentis
585 2081 623 2117 in
639 2080 812 2128 modum,
834 2081 1002 2132 Epicuro
1025 2081 1175 2120 videtur
1193 2081 1428 2128 renuntiare,
1448 2088 1489 2119 et
1507 2088 1719 2119 retrorsum

260 2135 349 2186 vffela
367 2145 461 2184 dare
481 2145 530 2182 ab
549 2143 780 2182 insanientis
800 2144 904 2182 illius
928 2144 1129 2196 sapientiae
1149 2144 1356 2191 erroribus,
1386 2145 1562 2183 conferre
1585 2145 1719 2184 licebit

263 2198 579 2249 dissertationem
611 2207 773 2259 Georgii
803 2208 853 2247 R.
894 2209 995 2247 JCti
1025 2208 1212 2247 adversus
1252 2207 1500 2254 Massonum,
1531 2208 1719 2248 insertam

263 2275 388 2312 Novae
409 2271 512 2310 Bibl.
534 2269 719 2309 librorum
749 2271 917 2311 Halensi
946 2272 990 2311 P.
1024 2275 1086 2311 19.
1107 2286 1148 2324 p.
1171 2273 1263 2310 789.
1285 2284 1346 2322 sq.
1393 2272 1583 2312 Horatius
1612 2272 1719 2311 dulci

261 2338 466 2389 majestate
486 2347 558 2374 sua
572 2334 761 2374 Pindari²
793 2336 977 2383 imitator,
1005 2336 1112 2374 unde
1133 2341 1143 2358 ‘
1161 2335 1425 2374 Pindaricum'
1444 2336 1619 2389 appellat
1637 2336 1718 2375 Ve-

263 2400 422 2439 nantius
440 2399 679 2438 Fortunatus
711 2399 776 2438 lib.
800 2413 841 2437 v.
861 2401 1075 2440 carminum
1095 2413 1182 2452 cap.
1203 2401 1242 2438 6.
1301 2399 1411 2439 Idem
1434 2413 1501 2450 rx.
1521 2402 1560 2439 7.
1595 2405 1607 2422 ‘
1623 2400 1717 2438 Pin-

263 2466 382 2504 darus
398 2464 542 2503 Graius
559 2462 682 2509 me'uS,
703 2462 794 2502 ind'e
815 2464 1009 2503 Flaccus!
1038 2465 1166 2504 Julius
1181 2475 1273 2502 vero
1293 2463 1432 2502 Caesar
1452 2459 1629 2515 Scaliger
1650 2477 1711 2503 vx.

310 2620 325 2648 l
351 2617 481 2658 Histoi-y
493 2617 528 2647 of
537 2616 591 2647 the
599 2615 713 2647 Works
722 2615 815 2646 ofthe
824 2614 967 2645 Learned
1066 2617 1086 2645 2
1110 2613 1195 2645 Vide
1210 2613 1303 2650 infra.
1325 2614 1378 2645 ubi
1394 2614 1434 2644 de
1449 2613 1611 2645 Francisci
1624 2613 1723 2645 Blou-

265 2661 405 2690 ae1708.
419 2669 450 2698 p.
466 2662 540 2690 280.
564 2658 650 2689 Bibl.
672 2658 790 2689 choisie
813 2657 853 2688 de
874 2657 923 2688 M.
938 2657 968 2688 le
1022 2656 1098 2687 delli
1119 2662 1151 2687 et
1176 2656 1312 2688 Hudarti
1337 2657 1378 2687 de
1402 2657 1435 2687 la
1454 2655 1559 2687 Motte
1586 2656 1721 2698 scriptis,

266 2700 357 2732 Clerc
368 2700 458 2729 Tom.
475 2711 510 2730 xi
518 2712 546 2730 v.
562 2711 635 2741 pag.
650 2702 725 2732 22³.
736 2700 896 2733 Boeksaal
908 2709 968 2731 van
1021 2699 1134 2741 quibus
1147 2699 1315 2732 Pindarum
1327 2709 1397 2731 curn
1407 2698 1538 2731 Horatio
1549 2699 1721 2738 conferunt.

265 2743 391 2783 Europe
408 2745 502 2774 1707.
521 2753 559 2772 rr.
576 2754 607 2784 p.
619 2745 694 2775 288.
