<?xml version="1.0" encoding="UTF-8"?>
<!DOCTYPE html PUBLIC "-//W3C//DTD XHTML 1.0 Transitional//EN"
    "http://www.w3.org/TR/xhtml1/DTD/xhtml1-transitional.dtd">
<html xmlns="http://www.w3.org/1999/xhtml" xml:lang="en" lang="en">
 <head>
  <title>
</title>
<meta http-equiv="Content-Type" content="text/html;charset=utf-8" />
  <meta name='ocr-system' content='tesseract 3.04.00' />
  <meta name='ocr-capabilities' content='ocr_page ocr_carea ocr_par ocr_line ocrx_word'/>
</head>
<body>
  <div class='ocr_page' id='page_1' title='image "./operaomnia04horauoft/operaomnia04horauoft_0012.png"; bbox 0 0 1858 3184; ppageno 0'>
   <div class='ocr_carea' id='block_1_1' title="bbox 249 242 384 285">
    <p class='ocr_par' dir='ltr' id='par_1_1' title="bbox 249 242 384 285">
     <span class='ocr_line' id='line_1_1' title="bbox 249 242 384 285; baseline 0.022 -3"><span class='ocrx_word' id='word_1_1' title='bbox 249 242 361 283; x_wconf 69' lang='lat'>1762</span> <span class='ocrx_word' id='word_1_2' title='bbox 380 278 384 285; x_wconf 82' lang='lat'><strong><em>‚</em></strong></span> 
     </span>
    </p>
   </div>
   <div class='ocr_carea' id='block_1_2' title="bbox 243 343 946 836">
    <p class='ocr_par' dir='ltr' id='par_1_2' title="bbox 246 343 946 637">
     <span class='ocr_line' id='line_1_2' title="bbox 290 343 946 384; baseline 0 -8"><span class='ocrx_word' id='word_1_3' title='bbox 290 348 310 376; x_wconf 77' lang='grc'>4</span> <span class='ocrx_word' id='word_1_4' title='bbox 336 345 410 376; x_wconf 79' lang='lat' dir='ltr'>Non</span> <span class='ocrx_word' id='word_1_5' title='bbox 422 345 528 376; x_wconf 78' lang='lat' dir='ltr'>eudem</span> <span class='ocrx_word' id='word_1_6' title='bbox 541 348 587 376; x_wconf 77' lang='lat' dir='ltr'>est</span> <span class='ocrx_word' id='word_1_7' title='bbox 602 343 696 384; x_wconf 72' lang='lat' dir='ltr'>oetas]</span> <span class='ocrx_word' id='word_1_8' title='bbox 727 345 805 376; x_wconf 90' lang='lat' dir='ltr'>Non</span> <span class='ocrx_word' id='word_1_9' title='bbox 825 344 946 377; x_wconf 89' lang='lat' dir='ltr'>eadem</span> 
     </span>
     <span class='ocr_line' id='line_1_3' title="bbox 247 394 945 436; baseline -0.003 -9"><span class='ocrx_word' id='word_1_10' title='bbox 247 401 301 427; x_wconf 89' lang='lat' dir='ltr'>est</span> <span class='ocrx_word' id='word_1_11' title='bbox 325 394 425 436; x_wconf 61' lang='lat' dir='ltr'>dtas,</span> <span class='ocrx_word' id='word_1_12' title='bbox 450 395 509 427; x_wconf 86' lang='lat' dir='ltr'>sed</span> <span class='ocrx_word' id='word_1_13' title='bbox 535 395 613 434; x_wconf 85' lang='lat' dir='ltr'>alia,</span> <span class='ocrx_word' id='word_1_14' title='bbox 631 404 707 436; x_wconf 84' lang='lat' dir='ltr'>quae</span> <span class='ocrx_word' id='word_1_15' title='bbox 729 395 813 427; x_wconf 82' lang='lat' dir='ltr'>alios</span> <span class='ocrx_word' id='word_1_16' title='bbox 835 403 945 426; x_wconf 89' lang='lat' dir='ltr'>mores</span> 
     </span>
     <span class='ocr_line' id='line_1_4' title="bbox 248 445 944 487; baseline -0.003 -9"><span class='ocrx_word' id='word_1_17' title='bbox 248 446 411 487; x_wconf 86' lang='lat' dir='ltr'>postulat.</span> <span class='ocrx_word' id='word_1_18' title='bbox 455 445 619 487; x_wconf 80' lang='lat' dir='ltr'><strong><em>Veianius]</em></strong></span> <span class='ocrx_word' id='word_1_19' title='bbox 637 445 771 477; x_wconf 90' lang='lat' dir='ltr'>Nomen</span> <span class='ocrx_word' id='word_1_20' title='bbox 787 445 944 477; x_wconf 86' lang='lat' dir='ltr'>Italicum</span> 
     </span>
     <span class='ocr_line' id='line_1_5' title="bbox 246 495 945 538; baseline 0 -11"><span class='ocrx_word' id='word_1_21' title='bbox 246 497 361 536; x_wconf 87' lang='lat' dir='ltr'>magis,</span> <span class='ocrx_word' id='word_1_22' title='bbox 376 505 476 538; x_wconf 89' lang='lat' dir='ltr'>quam</span> <span class='ocrx_word' id='word_1_23' title='bbox 499 497 701 527; x_wconf 72' lang='lat' dir='ltr'><strong>Romanunm.</strong></span> <span class='ocrx_word' id='word_1_24' title='bbox 723 495 758 526; x_wconf 86' lang='lat' dir='ltr'>in</span> <span class='ocrx_word' id='word_1_25' title='bbox 785 504 852 526; x_wconf 89' lang='lat' dir='ltr'>uno</span> <span class='ocrx_word' id='word_1_26' title='bbox 868 495 945 527; x_wconf 88' lang='lat' dir='ltr'>cod.</span> 
     </span>
     <span class='ocr_line' id='line_1_6' title="bbox 251 544 945 586; baseline -0.004 -8"><span class='ocrx_word' id='word_1_27' title='bbox 251 547 418 579; x_wconf 75' lang='lat' dir='ltr'>Vehiam&#39;us</span> <span class='ocrx_word' id='word_1_28' title='bbox 433 546 570 586; x_wconf 82' lang='lat' dir='ltr'>legitur.</span> <span class='ocrx_word' id='word_1_29' title='bbox 593 545 734 576; x_wconf 79' lang='lat' dir='ltr'>Torrent-</span> <span class='ocrx_word' id='word_1_30' title='bbox 784 544 945 585; x_wconf 69' lang='lat' dir='ltr'>Veianius]</span> 
     </span>
     <span class='ocr_line' id='line_1_7' title="bbox 246 596 600 637; baseline -0.006 -10"><span class='ocrx_word' id='word_1_31' title='bbox 246 597 408 627; x_wconf 79' lang='lat' dir='ltr'>Veianius</span> <span class='ocrx_word' id='word_1_32' title='bbox 421 596 600 637; x_wconf 80' lang='lat' dir='ltr'><strong>gladiator.</strong></span> 
     </span>
    </p>

    <p class='ocr_par' dir='ltr' id='par_1_3' title="bbox 243 644 944 836">
     <span class='ocr_line' id='line_1_8' title="bbox 287 644 943 684; baseline -0.003 -7"><span class='ocrx_word' id='word_1_33' title='bbox 287 650 306 677; x_wconf 88' lang='lat'>5</span> <span class='ocrx_word' id='word_1_34' title='bbox 331 646 483 678; x_wconf 83' lang='lat' dir='ltr'>Herculis</span> <span class='ocrx_word' id='word_1_35' title='bbox 503 646 544 675; x_wconf 76' lang='lat' dir='ltr'>ud</span> <span class='ocrx_word' id='word_1_36' title='bbox 565 644 696 684; x_wconf 78' lang='lat' dir='ltr'><strong><em>postem]</em></strong></span> <span class='ocrx_word' id='word_1_37' title='bbox 720 644 833 676; x_wconf 83' lang='lat' dir='ltr'>Recte</span> <span class='ocrx_word' id='word_1_38' title='bbox 858 644 943 676; x_wconf 83' lang='lat' dir='ltr'>Tur-</span> 
     </span>
     <span class='ocr_line' id='line_1_9' title="bbox 244 693 944 735; baseline -0.003 -9"><span class='ocrx_word' id='word_1_39' title='bbox 244 695 373 727; x_wconf 87' lang='lat' dir='ltr'>nebus:</span> <span class='ocrx_word' id='word_1_40' title='bbox 388 696 398 712; x_wconf 93' lang='lat'>‘</span> <span class='ocrx_word' id='word_1_41' title='bbox 412 694 478 728; x_wconf 84' lang='lat' dir='ltr'>Qui</span> <span class='ocrx_word' id='word_1_42' title='bbox 492 693 625 733; x_wconf 90' lang='lat' dir='ltr'>artem‚&#39;</span> <span class='ocrx_word' id='word_1_43' title='bbox 638 694 760 735; x_wconf 88' lang='lat' dir='ltr'>inquit,</span> <span class='ocrx_word' id='word_1_44' title='bbox 775 695 784 710; x_wconf 87' lang='lat'>‘</span> <span class='ocrx_word' id='word_1_45' title='bbox 798 694 944 735; x_wconf 79' lang='lat' dir='ltr'>aliquam</span> 
     </span>
     <span class='ocr_line' id='line_1_10' title="bbox 243 743 944 785; baseline -0.001 -9"><span class='ocrx_word' id='word_1_46' title='bbox 243 744 457 780; x_wconf 77' lang='lat' dir='ltr'><strong>desinebant,</strong></span> <span class='ocrx_word' id='word_1_47' title='bbox 470 744 543 785; x_wconf 83' lang='lat' dir='ltr'>ejus</span> <span class='ocrx_word' id='word_1_48' title='bbox 559 744 785 776; x_wconf 72' lang='lat' dir='ltr'>instrumenta</span> <span class='ocrx_word' id='word_1_49' title='bbox 797 743 863 775; x_wconf 89' lang='lat' dir='ltr'>diis</span> <span class='ocrx_word' id='word_1_50' title='bbox 872 753 944 775; x_wconf 84' lang='lat' dir='ltr'>sus·</span> 
     </span>
     <span class='ocr_line' id='line_1_11' title="bbox 243 794 943 836; baseline -0.003 -9"><span class='ocrx_word' id='word_1_51' title='bbox 243 795 461 836; x_wconf 76' lang='lat' dir='ltr'>pendebant;</span> <span class='ocrx_word' id='word_1_52' title='bbox 477 795 658 827; x_wconf 77' lang='lat' dir='ltr'>sacrabant</span> <span class='ocrx_word' id='word_1_53' title='bbox 668 799 781 826; x_wconf 85' lang='lat' dir='ltr'>autem</span> <span class='ocrx_word' id='word_1_54' title='bbox 795 794 835 825; x_wconf 87' lang='lat' dir='ltr'>iis</span> <span class='ocrx_word' id='word_1_55' title='bbox 851 805 943 826; x_wconf 86' lang='lat' dir='ltr'>max·</span> 
     </span>
    </p>
   </div>
   <div class='ocr_carea' id='block_1_3' title="bbox 241 844 947 887">
    <p class='ocr_par' dir='ltr' id='par_1_4' title="bbox 241 844 947 887">
     <span class='ocr_line' id='line_1_12' title="bbox 241 844 947 887; baseline -0.003 -10"><span class='ocrx_word' id='word_1_56' title='bbox 241 847 322 886; x_wconf 85' lang='lat' dir='ltr'>ime,</span> <span class='ocrx_word' id='word_1_57' title='bbox 338 845 395 887; x_wconf 89' lang='lat' dir='ltr'>qui</span> <span class='ocrx_word' id='word_1_58' title='bbox 411 846 493 877; x_wconf 82' lang='lat' dir='ltr'>artis</span> <span class='ocrx_word' id='word_1_59' title='bbox 517 844 680 886; x_wconf 84' lang='lat' dir='ltr'>praesides</span> <span class='ocrx_word' id='word_1_60' title='bbox 702 845 912 877; x_wconf 88' lang='lat' dir='ltr'>haberentur</span> <span class='ocrx_word' id='word_1_61' title='bbox 924 845 947 875; x_wconf 89' lang='lat'>:&#39;</span> 
     </span>
    </p>
   </div>
   <div class='ocr_carea' id='block_1_4' title="bbox 229 895 943 2838">
    <p class='ocr_par' dir='ltr' id='par_1_5' title="bbox 233 895 943 1839">
     <span class='ocr_line' id='line_1_13' title="bbox 241 895 943 938; baseline -0.001 -10"><span class='ocrx_word' id='word_1_62' title='bbox 241 897 394 938; x_wconf 85' lang='lat' dir='ltr'>citatque</span> <span class='ocrx_word' id='word_1_63' title='bbox 409 895 494 927; x_wconf 89' lang='lat' dir='ltr'>illud</span> <span class='ocrx_word' id='word_1_64' title='bbox 510 895 662 927; x_wconf 87' lang='lat' dir='ltr'>Maronis</span> <span class='ocrx_word' id='word_1_65' title='bbox 676 906 683 926; x_wconf 91' lang='lat'>:</span> <span class='ocrx_word' id='word_1_66' title='bbox 714 896 723 912; x_wconf 95' lang='lat'>‘</span> <span class='ocrx_word' id='word_1_67' title='bbox 737 895 805 927; x_wconf 88' lang='lat' dir='ltr'>Hic</span> <span class='ocrx_word' id='word_1_68' title='bbox 818 901 943 937; x_wconf 83' lang='lat' dir='ltr'>arguta</span> 
     </span>
     <span class='ocr_line' id='line_1_14' title="bbox 240 944 943 987; baseline -0.001 -9"><span class='ocrx_word' id='word_1_69' title='bbox 240 956 336 978; x_wconf 83' lang='lat' dir='ltr'>sacra</span> <span class='ocrx_word' id='word_1_70' title='bbox 349 945 513 987; x_wconf 83' lang='lat' dir='ltr'>pendebit</span> <span class='ocrx_word' id='word_1_71' title='bbox 529 945 643 978; x_wconf 84' lang='lat' dir='ltr'>fistula</span> <span class='ocrx_word' id='word_1_72' title='bbox 658 944 764 986; x_wconf 57' lang='lat' dir='ltr'>pinu?</span> <span class='ocrx_word' id='word_1_73' title='bbox 796 946 870 977; x_wconf 89' lang='lat' dir='ltr'>Nos</span> <span class='ocrx_word' id='word_1_74' title='bbox 886 955 943 977; x_wconf 90' lang='lat' dir='ltr'>eo-</span> 
     </span>
     <span class='ocr_line' id='line_1_15' title="bbox 240 994 942 1028; baseline -0.003 0"><span class='ocrx_word' id='word_1_75' title='bbox 240 996 319 1028; x_wconf 87' lang='lat' dir='ltr'>dem</span> <span class='ocrx_word' id='word_1_76' title='bbox 341 995 527 1028; x_wconf 82' lang='lat' dir='ltr'>referemus</span> <span class='ocrx_word' id='word_1_77' title='bbox 544 994 628 1027; x_wconf 86' lang='lat' dir='ltr'>illud</span> <span class='ocrx_word' id='word_1_78' title='bbox 645 996 848 1027; x_wconf 88' lang='lat' dir='ltr'>Persianum</span> <span class='ocrx_word' id='word_1_79' title='bbox 871 1005 942 1026; x_wconf 90' lang='lat' dir='ltr'>om-</span> 
     </span>
     <span class='ocr_line' id='line_1_16' title="bbox 241 1045 940 1078; baseline -0.003 0"><span class='ocrx_word' id='word_1_80' title='bbox 241 1046 340 1078; x_wconf 89' lang='lat' dir='ltr'>nibus</span> <span class='ocrx_word' id='word_1_81' title='bbox 355 1052 472 1078; x_wconf 88' lang='lat' dir='ltr'>notum</span> <span class='ocrx_word' id='word_1_82' title='bbox 486 1055 496 1077; x_wconf 72' lang='grc' dir='ltr'><em>ε</em></span> <span class='ocrx_word' id='word_1_83' title='bbox 526 1049 535 1063; x_wconf 85' lang='grc'>·</span> <span class='ocrx_word' id='word_1_84' title='bbox 547 1045 674 1077; x_wconf 86' lang='lat' dir='ltr'>Veneri</span> <span class='ocrx_word' id='word_1_85' title='bbox 689 1045 824 1077; x_wconf 80' lang='lat' dir='ltr'>donatae</span> <span class='ocrx_word' id='word_1_86' title='bbox 841 1055 861 1076; x_wconf 89' lang='lat' dir='ltr'>a</span> <span class='ocrx_word' id='word_1_87' title='bbox 875 1045 940 1077; x_wconf 85' lang='lat' dir='ltr'>vir-</span> 
     </span>
     <span class='ocr_line' id='line_1_17' title="bbox 240 1095 941 1138; baseline -0.003 -10"><span class='ocrx_word' id='word_1_88' title='bbox 240 1097 319 1137; x_wconf 82' lang='lat' dir='ltr'>gine</span> <span class='ocrx_word' id='word_1_89' title='bbox 334 1096 460 1138; x_wconf 86' lang='lat' dir='ltr'>pupae.’</span> <span class='ocrx_word' id='word_1_90' title='bbox 488 1096 543 1128; x_wconf 88' lang='lat' dir='ltr'>An</span> <span class='ocrx_word' id='word_1_91' title='bbox 558 1105 639 1128; x_wconf 89' lang='lat' dir='ltr'>vero</span> <span class='ocrx_word' id='word_1_92' title='bbox 656 1095 843 1127; x_wconf 83' lang='lat' dir='ltr'>Herculem</span> <span class='ocrx_word' id='word_1_93' title='bbox 854 1105 941 1136; x_wconf 62' lang='lat' dir='ltr'>prav-</span> 
     </span>
     <span class='ocr_line' id='line_1_18' title="bbox 239 1146 940 1188; baseline -0.001 -10"><span class='ocrx_word' id='word_1_94' title='bbox 239 1147 337 1188; x_wconf 83' lang='lat' dir='ltr'>cipna</span> <span class='ocrx_word' id='word_1_95' title='bbox 347 1149 517 1187; x_wconf 69' lang='lat' dir='ltr'>religione</span> <span class='ocrx_word' id='word_1_96' title='bbox 532 1147 702 1180; x_wconf 86' lang='lat' dir='ltr'>coluerint</span> <span class='ocrx_word' id='word_1_97' title='bbox 720 1146 940 1187; x_wconf 78' lang='lat' dir='ltr'>gladiatores,</span> 
     </span>
     <span class='ocr_line' id='line_1_19' title="bbox 239 1196 940 1229; baseline -0.001 0"><span class='ocrx_word' id='word_1_98' title='bbox 239 1198 366 1229; x_wconf 87' lang='lat' dir='ltr'>nescio.</span> <span class='ocrx_word' id='word_1_99' title='bbox 410 1198 498 1229; x_wconf 85' lang='lat' dir='ltr'>Satis</span> <span class='ocrx_word' id='word_1_100' title='bbox 518 1198 563 1229; x_wconf 90' lang='lat' dir='ltr'>sit</span> <span class='ocrx_word' id='word_1_101' title='bbox 583 1196 769 1228; x_wconf 84' lang='lat' dir='ltr'>Herculem</span> <span class='ocrx_word' id='word_1_102' title='bbox 784 1197 940 1229; x_wconf 84' lang='lat' dir='ltr'>Deorum</span> 
     </span>
     <span class='ocr_line' id='line_1_20' title="bbox 240 1246 940 1288; baseline -0.004 -9"><span class='ocrx_word' id='word_1_103' title='bbox 240 1248 403 1287; x_wconf 80' lang='lat' dir='ltr'>omnium,</span> <span class='ocrx_word' id='word_1_104' title='bbox 430 1257 514 1288; x_wconf 90' lang='lat' dir='ltr'>quos</span> <span class='ocrx_word' id='word_1_105' title='bbox 547 1247 652 1278; x_wconf 87' lang='lat' dir='ltr'>virtus</span> <span class='ocrx_word' id='word_1_106' title='bbox 682 1247 715 1277; x_wconf 89' lang='lat' dir='ltr'>in</span> <span class='ocrx_word' id='word_1_107' title='bbox 746 1246 867 1277; x_wconf 87' lang='lat' dir='ltr'>coelum</span> <span class='ocrx_word' id='word_1_108' title='bbox 897 1256 940 1277; x_wconf 86' lang='lat' dir='ltr'>ex</span> 
     </span>
     <span class='ocr_line' id='line_1_21' title="bbox 238 1295 938 1335; baseline -0.006 -5"><span class='ocrx_word' id='word_1_109' title='bbox 238 1298 428 1330; x_wconf 85' lang='lat' dir='ltr'>hominibus</span> <span class='ocrx_word' id='word_1_110' title='bbox 459 1297 603 1335; x_wconf 83' lang='lat' dir='ltr'>vexerit,</span> <span class='ocrx_word' id='word_1_111' title='bbox 633 1295 855 1328; x_wconf 75' lang='lat' dir='ltr'>fortissimum</span> <span class='ocrx_word' id='word_1_112' title='bbox 886 1295 938 1326; x_wconf 86' lang='lat' dir='ltr'>fu-</span> 
     </span>
     <span class='ocr_line' id='line_1_22' title="bbox 238 1346 937 1391; baseline -0.004 -11"><span class='ocrx_word' id='word_1_113' title='bbox 238 1350 324 1389; x_wconf 77' lang='lat' dir='ltr'>isse3</span> <span class='ocrx_word' id='word_1_114' title='bbox 337 1348 395 1391; x_wconf 90' lang='lat' dir='ltr'>qui</span> <span class='ocrx_word' id='word_1_115' title='bbox 404 1348 506 1381; x_wconf 88' lang='lat' dir='ltr'>toties</span> <span class='ocrx_word' id='word_1_116' title='bbox 516 1347 679 1389; x_wconf 78' lang='lat' dir='ltr'>singulari</span> <span class='ocrx_word' id='word_1_117' title='bbox 691 1356 767 1378; x_wconf 91' lang='lat' dir='ltr'>cum</span> <span class='ocrx_word' id='word_1_118' title='bbox 779 1346 937 1378; x_wconf 78' lang='lat' dir='ltr'>monstris</span> 
     </span>
     <span class='ocr_line' id='line_1_23' title="bbox 238 1397 939 1432; baseline -0.007 0"><span class='ocrx_word' id='word_1_119' title='bbox 238 1399 424 1432; x_wconf 84' lang='lat' dir='ltr'>certamine</span> <span class='ocrx_word' id='word_1_120' title='bbox 448 1399 557 1430; x_wconf 86' lang='lat' dir='ltr'>victor</span> <span class='ocrx_word' id='word_1_121' title='bbox 579 1397 752 1430; x_wconf 84' lang='lat' dir='ltr'>evaserit:</span> <span class='ocrx_word' id='word_1_122' title='bbox 776 1397 860 1428; x_wconf 89' lang='lat' dir='ltr'>illud</span> <span class='ocrx_word' id='word_1_123' title='bbox 887 1402 939 1428; x_wconf 87' lang='lat' dir='ltr'>ta-</span> 
     </span>
     <span class='ocr_line' id='line_1_24' title="bbox 237 1448 937 1491; baseline -0.006 -8"><span class='ocrx_word' id='word_1_124' title='bbox 237 1461 316 1483; x_wconf 90' lang='lat' dir='ltr'>men</span> <span class='ocrx_word' id='word_1_125' title='bbox 338 1450 451 1483; x_wconf 91' lang='lat' dir='ltr'>obiter</span> <span class='ocrx_word' id='word_1_126' title='bbox 477 1449 713 1491; x_wconf 81' lang='lat' dir='ltr'>repetendum,</span> <span class='ocrx_word' id='word_1_127' title='bbox 739 1448 828 1490; x_wconf 87' lang='lat' dir='ltr'>quod</span> <span class='ocrx_word' id='word_1_128' title='bbox 856 1448 937 1480; x_wconf 82' lang='lat' dir='ltr'>alibi</span> 
     </span>
     <span class='ocr_line' id='line_1_25' title="bbox 237 1499 936 1541; baseline -0.004 -8"><span class='ocrx_word' id='word_1_129' title='bbox 237 1501 427 1533; x_wconf 89' lang='lat' dir='ltr'>monuimus</span> <span class='ocrx_word' id='word_1_130' title='bbox 457 1511 500 1532; x_wconf 88' lang='lat' dir='ltr'>ex</span> <span class='ocrx_word' id='word_1_131' title='bbox 534 1500 679 1540; x_wconf 80' lang='lat' dir='ltr'>Isidoro,</span> <span class='ocrx_word' id='word_1_132' title='bbox 709 1499 936 1541; x_wconf 84' lang='lat' dir='ltr'>gladiatorum</span> 
     </span>
     <span class='ocr_line' id='line_1_26' title="bbox 237 1550 935 1592; baseline -0.003 -10"><span class='ocrx_word' id='word_1_133' title='bbox 237 1550 403 1583; x_wconf 86' lang='lat' dir='ltr'>factiones</span> <span class='ocrx_word' id='word_1_134' title='bbox 442 1551 566 1592; x_wconf 88' lang='lat' dir='ltr'>partim</span> <span class='ocrx_word' id='word_1_135' title='bbox 605 1551 782 1591; x_wconf 84' lang='lat' dir='ltr'>Neptuno,</span> <span class='ocrx_word' id='word_1_136' title='bbox 811 1550 935 1590; x_wconf 85' lang='lat' dir='ltr'>partim</span> 
     </span>
     <span class='ocr_line' id='line_1_27' title="bbox 235 1599 935 1633; baseline -0.001 -2"><span class='ocrx_word' id='word_1_137' title='bbox 235 1601 391 1633; x_wconf 84' lang='lat' dir='ltr'>Vulcano</span> <span class='ocrx_word' id='word_1_138' title='bbox 416 1610 529 1632; x_wconf 87' lang='lat' dir='ltr'>sacras</span> <span class='ocrx_word' id='word_1_139' title='bbox 553 1599 671 1631; x_wconf 84' lang='lat' dir='ltr'>fuisse.</span> <span class='ocrx_word' id='word_1_140' title='bbox 707 1599 858 1631; x_wconf 89' lang='lat' dir='ltr'>Turneb.</span> <span class='ocrx_word' id='word_1_141' title='bbox 884 1608 935 1631; x_wconf 81' lang='lat' dir='ltr'>vr.</span> 
     </span>
     <span class='ocr_line' id='line_1_28' title="bbox 236 1649 936 1683; baseline -0.001 -1"><span class='ocrx_word' id='word_1_142' title='bbox 236 1654 268 1683; x_wconf 80' lang='lat'>9.</span> <span class='ocrx_word' id='word_1_143' title='bbox 285 1657 321 1682; x_wconf 92' lang='lat' dir='ltr'>et</span> <span class='ocrx_word' id='word_1_144' title='bbox 335 1660 437 1683; x_wconf 77' lang='lat' dir='ltr'>xxvr.</span> <span class='ocrx_word' id='word_1_145' title='bbox 453 1654 508 1683; x_wconf 83' lang='lat'>26.</span> <span class='ocrx_word' id='word_1_146' title='bbox 534 1651 677 1682; x_wconf 55' lang='lat' dir='ltr'>morrena</span> <span class='ocrx_word' id='word_1_147' title='bbox 725 1649 875 1680; x_wconf 74' lang='lat' dir='ltr'>Herculis</span> <span class='ocrx_word' id='word_1_148' title='bbox 894 1650 936 1681; x_wconf 81' lang='lat' dir='ltr'>ad</span> 
     </span>
     <span class='ocr_line' id='line_1_29' title="bbox 233 1699 935 1743; baseline 0 -13"><span class='ocrx_word' id='word_1_149' title='bbox 233 1704 353 1740; x_wconf 87' lang='lat' dir='ltr'>postem</span> <span class='ocrx_word' id='word_1_150' title='bbox 357 1701 458 1743; x_wconf 70' lang='lat' dir='ltr'>fixis]</span> <span class='ocrx_word' id='word_1_151' title='bbox 473 1700 583 1732; x_wconf 90' lang='lat' dir='ltr'>Armis</span> <span class='ocrx_word' id='word_1_152' title='bbox 597 1699 739 1732; x_wconf 86' lang='lat' dir='ltr'>Herculi</span> <span class='ocrx_word' id='word_1_153' title='bbox 752 1699 935 1740; x_wconf 85' lang='lat' dir='ltr'>dedicatis,</span> 
     </span>
     <span class='ocr_line' id='line_1_30' title="bbox 235 1742 935 1790; baseline 0 -10"><span class='ocrx_word' id='word_1_154' title='bbox 235 1754 272 1780; x_wconf 89' lang='lat' dir='ltr'>et</span> <span class='ocrx_word' id='word_1_155' title='bbox 287 1749 322 1780; x_wconf 91' lang='lat' dir='ltr'>in</span> <span class='ocrx_word' id='word_1_156' title='bbox 339 1750 416 1790; x_wconf 82' lang='lat' dir='ltr'>ejus</span> <span class='ocrx_word' id='word_1_157' title='bbox 432 1742 561 1790; x_wconf 85' lang='lat' dir='ltr'>templo</span> <span class='ocrx_word' id='word_1_158' title='bbox 577 1750 669 1790; x_wconf 89' lang='lat' dir='ltr'>posti</span> <span class='ocrx_word' id='word_1_159' title='bbox 682 1748 803 1780; x_wconf 84' lang='lat' dir='ltr'>affixis.</span> <span class='ocrx_word' id='word_1_160' title='bbox 840 1749 935 1781; x_wconf 76' lang='lat' dir='ltr'>Latet</span> 
     </span>
     <span class='ocr_line' id='line_1_31' title="bbox 233 1798 829 1839; baseline -0.002 -9"><span class='ocrx_word' id='word_1_161' title='bbox 233 1800 358 1831; x_wconf 81' lang='lat' dir='ltr'>abditus</span> <span class='ocrx_word' id='word_1_162' title='bbox 371 1798 464 1839; x_wconf 53' lang='lat' dir='ltr'>aga-⁰]</span> <span class='ocrx_word' id='word_1_163' title='bbox 486 1799 668 1830; x_wconf 87' lang='lat' dir='ltr'>Delitescit</span> <span class='ocrx_word' id='word_1_164' title='bbox 681 1799 719 1828; x_wconf 83' lang='lat' dir='ltr'>in</span> <span class='ocrx_word' id='word_1_165' title='bbox 735 1808 829 1838; x_wconf 76' lang='lat' dir='ltr'>agro.</span> 
     </span>
    </p>

    <p class='ocr_par' dir='ltr' id='par_1_6' title="bbox 229 1848 934 2838">
     <span class='ocr_line' id='line_1_32' title="bbox 275 1848 934 1889; baseline -0.002 -8"><span class='ocrx_word' id='word_1_166' title='bbox 275 1853 297 1881; x_wconf 83' lang='lat'><strong>6</strong></span> <span class='ocrx_word' id='word_1_167' title='bbox 322 1850 371 1881; x_wconf 90' lang='lat' dir='ltr'>Ne</span> <span class='ocrx_word' id='word_1_168' title='bbox 384 1848 543 1889; x_wconf 80' lang='lat' dir='ltr'>populum]</span> <span class='ocrx_word' id='word_1_169' title='bbox 559 1849 612 1879; x_wconf 87' lang='lat' dir='ltr'>Ne</span> <span class='ocrx_word' id='word_1_170' title='bbox 629 1859 649 1879; x_wconf 89' lang='lat' dir='ltr'>a</span> <span class='ocrx_word' id='word_1_171' title='bbox 662 1849 735 1887; x_wconf 87' lang='lat' dir='ltr'>pari</span> <span class='ocrx_word' id='word_1_172' title='bbox 751 1857 811 1879; x_wconf 85' lang='lat' dir='ltr'>suo</span> <span class='ocrx_word' id='word_1_173' title='bbox 825 1849 934 1880; x_wconf 82' lang='lat' dir='ltr'>victus</span> 
     </span>
     <span class='ocr_line' id='line_1_33' title="bbox 235 1896 933 1939; baseline -0.007 -8"><span class='ocrx_word' id='word_1_174' title='bbox 235 1903 271 1931; x_wconf 85' lang='lat' dir='ltr'>et</span> <span class='ocrx_word' id='word_1_175' title='bbox 286 1899 358 1939; x_wconf 82' lang='lat' dir='ltr'>jam</span> <span class='ocrx_word' id='word_1_176' title='bbox 381 1898 454 1938; x_wconf 89' lang='lat' dir='ltr'>jam</span> <span class='ocrx_word' id='word_1_177' title='bbox 478 1896 684 1932; x_wconf 87' lang='lat' dir='ltr'>enecandus,</span> <span class='ocrx_word' id='word_1_178' title='bbox 709 1906 727 1927; x_wconf 82' lang='lat' dir='ltr'>a</span> <span class='ocrx_word' id='word_1_179' title='bbox 750 1897 878 1936; x_wconf 85' lang='lat' dir='ltr'>populo</span> <span class='ocrx_word' id='word_1_180' title='bbox 898 1897 933 1927; x_wconf 92' lang='lat' dir='ltr'>in</span> 
     </span>
     <span class='ocr_line' id='line_1_34' title="bbox 234 1946 934 1987; baseline -0.01 -5"><span class='ocrx_word' id='word_1_181' title='bbox 234 1951 368 1982; x_wconf 79' lang='lat' dir='ltr'>theatro</span> <span class='ocrx_word' id='word_1_182' title='bbox 382 1947 522 1979; x_wconf 87' lang='lat' dir='ltr'>sedente</span> <span class='ocrx_word' id='word_1_183' title='bbox 546 1947 690 1987; x_wconf 86' lang='lat' dir='ltr'>supplex</span> <span class='ocrx_word' id='word_1_184' title='bbox 714 1946 859 1977; x_wconf 84' lang='lat' dir='ltr'>salutem</span> <span class='ocrx_word' id='word_1_185' title='bbox 876 1954 934 1985; x_wconf 86' lang='lat' dir='ltr'>pe·</span> 
     </span>
     <span class='ocr_line' id='line_1_35' title="bbox 234 1993 933 2034; baseline -0.01 0"><span class='ocrx_word' id='word_1_186' title='bbox 234 2005 297 2034; x_wconf 88' lang='lat' dir='ltr'>tat.</span> <span class='ocrx_word' id='word_1_187' title='bbox 338 2001 492 2031; x_wconf 80' lang='lat' dir='ltr'>Extrema</span> <span class='ocrx_word' id='word_1_188' title='bbox 507 1997 601 2029; x_wconf 79' lang='lat' dir='ltr'>toties</span> <span class='ocrx_word' id='word_1_189' title='bbox 615 1999 722 2028; x_wconf 78' lang='lat' dir='ltr'>exoret</span> <span class='ocrx_word' id='word_1_190' title='bbox 736 1993 847 2034; x_wconf 79' lang='lat' dir='ltr'>arena]</span> <span class='ocrx_word' id='word_1_191' title='bbox 866 1995 933 2027; x_wconf 90' lang='lat' dir='ltr'>Be-</span> 
     </span>
     <span class='ocr_line' id='line_1_36' title="bbox 235 2044 933 2089; baseline -0.013 -6"><span class='ocrx_word' id='word_1_192' title='bbox 235 2061 277 2083; x_wconf 89' lang='lat' dir='ltr'>ne</span> <span class='ocrx_word' id='word_1_193' title='bbox 298 2054 451 2089; x_wconf 74' lang='lat' dir='ltr'>extrema,</span> <span class='ocrx_word' id='word_1_194' title='bbox 480 2052 518 2079; x_wconf 89' lang='lat' dir='ltr'>ut</span> <span class='ocrx_word' id='word_1_195' title='bbox 542 2046 688 2078; x_wconf 89' lang='lat' dir='ltr'>decebat</span> <span class='ocrx_word' id='word_1_196' title='bbox 719 2044 933 2085; x_wconf 84' lang='lat' dir='ltr'>supplicem;</span> 
     </span>
     <span class='ocr_line' id='line_1_37' title="bbox 233 2096 931 2143; baseline -0.009 -11"><span class='ocrx_word' id='word_1_197' title='bbox 233 2101 305 2143; x_wconf 89' lang='lat' dir='ltr'>qui,</span> <span class='ocrx_word' id='word_1_198' title='bbox 319 2105 482 2142; x_wconf 87' lang='lat' dir='ltr'>quantum</span> <span class='ocrx_word' id='word_1_199' title='bbox 498 2098 532 2129; x_wconf 94' lang='lat' dir='ltr'>in</span> <span class='ocrx_word' id='word_1_200' title='bbox 547 2107 587 2129; x_wconf 90' lang='lat' dir='ltr'>eo</span> <span class='ocrx_word' id='word_1_201' title='bbox 602 2102 689 2135; x_wconf 86' lang='lat' dir='ltr'>erat,</span> <span class='ocrx_word' id='word_1_202' title='bbox 703 2105 818 2137; x_wconf 86' lang='lat' dir='ltr'>pugna</span> <span class='ocrx_word' id='word_1_203' title='bbox 831 2096 931 2127; x_wconf 87' lang='lat' dir='ltr'>cede·</span> 
     </span>
     <span class='ocr_line' id='line_1_38' title="bbox 233 2147 930 2190; baseline -0.01 -7"><span class='ocrx_word' id='word_1_204' title='bbox 233 2155 288 2183; x_wconf 89' lang='lat' dir='ltr'>ret</span> <span class='ocrx_word' id='word_1_205' title='bbox 313 2150 490 2190; x_wconf 88' lang='lat' dir='ltr'>locumque</span> <span class='ocrx_word' id='word_1_206' title='bbox 518 2147 709 2186; x_wconf 85' lang='lat' dir='ltr'>desereret,</span> <span class='ocrx_word' id='word_1_207' title='bbox 737 2150 858 2185; x_wconf 87' lang='lat' dir='ltr'>petens</span> <span class='ocrx_word' id='word_1_208' title='bbox 888 2155 930 2176; x_wconf 91' lang='lat' dir='ltr'>ne</span> 
     </span>
     <span class='ocr_line' id='line_1_39' title="bbox 231 2196 931 2240; baseline -0.011 -7"><span class='ocrx_word' id='word_1_209' title='bbox 231 2201 356 2233; x_wconf 86' lang='lat' dir='ltr'>iterum</span> <span class='ocrx_word' id='word_1_210' title='bbox 386 2198 659 2240; x_wconf 83' lang='lat' dir='ltr'>produceretur:</span> <span class='ocrx_word' id='word_1_211' title='bbox 696 2196 751 2226; x_wconf 88' lang='lat' dir='ltr'>vel</span> <span class='ocrx_word' id='word_1_212' title='bbox 779 2199 931 2235; x_wconf 81' lang='lat' dir='ltr'>extrema,</span> 
     </span>
     <span class='ocr_line' id='line_1_40' title="bbox 230 2247 929 2293; baseline -0.007 -10"><span class='ocrx_word' id='word_1_213' title='bbox 230 2261 293 2293; x_wconf 86' lang='lat' dir='ltr'>pro</span> <span class='ocrx_word' id='word_1_214' title='bbox 310 2255 451 2292; x_wconf 87' lang='lat' dir='ltr'>peracto</span> <span class='ocrx_word' id='word_1_215' title='bbox 460 2249 532 2289; x_wconf 91' lang='lat' dir='ltr'>jam</span> <span class='ocrx_word' id='word_1_216' title='bbox 548 2247 745 2279; x_wconf 87' lang='lat' dir='ltr'>certamine.</span> <span class='ocrx_word' id='word_1_217' title='bbox 790 2247 853 2279; x_wconf 89' lang='lat' dir='ltr'>Vel</span> <span class='ocrx_word' id='word_1_218' title='bbox 875 2257 929 2278; x_wconf 78' lang='lat' dir='ltr'>ex-</span> 
     </span>
     <span class='ocr_line' id='line_1_41' title="bbox 232 2297 927 2340; baseline -0.009 -7"><span class='ocrx_word' id='word_1_219' title='bbox 232 2305 332 2333; x_wconf 77' lang='lat' dir='ltr'>trema</span> <span class='ocrx_word' id='word_1_220' title='bbox 352 2310 459 2340; x_wconf 79' lang='lat' dir='ltr'>arena,</span> <span class='ocrx_word' id='word_1_221' title='bbox 478 2298 512 2330; x_wconf 89' lang='lat' dir='ltr'>id</span> <span class='ocrx_word' id='word_1_222' title='bbox 535 2303 599 2337; x_wconf 84' lang='lat' dir='ltr'>est,</span> <span class='ocrx_word' id='word_1_223' title='bbox 615 2298 649 2329; x_wconf 89' lang='lat' dir='ltr'>in</span> <span class='ocrx_word' id='word_1_224' title='bbox 671 2301 827 2328; x_wconf 83' lang='lat' dir='ltr'>extremo</span> <span class='ocrx_word' id='word_1_225' title='bbox 849 2297 927 2328; x_wconf 78' lang='lat' dir='ltr'>vitae</span> 
     </span>
     <span class='ocr_line' id='line_1_42' title="bbox 231 2347 925 2392; baseline -0.009 -9"><span class='ocrx_word' id='word_1_226' title='bbox 231 2361 345 2387; x_wconf 86' lang='lat' dir='ltr'>cursu,</span> <span class='ocrx_word' id='word_1_227' title='bbox 358 2360 401 2382; x_wconf 91' lang='lat' dir='ltr'>ne</span> <span class='ocrx_word' id='word_1_228' title='bbox 413 2353 547 2392; x_wconf 86' lang='lat' dir='ltr'>peccet,</span> <span class='ocrx_word' id='word_1_229' title='bbox 558 2348 601 2380; x_wconf 89' lang='lat' dir='ltr'>ad</span> <span class='ocrx_word' id='word_1_230' title='bbox 614 2353 802 2379; x_wconf 80' lang='lat' dir='ltr'>extremum</span> <span class='ocrx_word' id='word_1_231' title='bbox 814 2347 925 2378; x_wconf 87' lang='lat' dir='ltr'>riden-</span> 
     </span>
     <span class='ocr_line' id='line_1_43' title="bbox 231 2397 926 2441; baseline -0.006 -8"><span class='ocrx_word' id='word_1_232' title='bbox 231 2403 304 2433; x_wconf 88' lang='lat' dir='ltr'>dus.</span> <span class='ocrx_word' id='word_1_233' title='bbox 347 2401 435 2433; x_wconf 79' lang='lat' dir='ltr'>Haec</span> <span class='ocrx_word' id='word_1_234' title='bbox 464 2409 543 2441; x_wconf 83' lang='lat' dir='ltr'>ergo</span> <span class='ocrx_word' id='word_1_235' title='bbox 566 2399 605 2430; x_wconf 83' lang='lat' dir='ltr'>in</span> <span class='ocrx_word' id='word_1_236' title='bbox 633 2397 767 2430; x_wconf 88' lang='lat' dir='ltr'>Veianii</span> <span class='ocrx_word' id='word_1_237' title='bbox 791 2398 926 2430; x_wconf 79' lang='lat' dir='ltr'>laudem</span> 
     </span>
     <span class='ocr_line' id='line_1_44' title="bbox 230 2448 926 2493; baseline -0.004 -10"><span class='ocrx_word' id='word_1_238' title='bbox 230 2453 402 2491; x_wconf 88' lang='lat' dir='ltr'>dicuntur,</span> <span class='ocrx_word' id='word_1_239' title='bbox 417 2450 475 2493; x_wconf 88' lang='lat' dir='ltr'>qui</span> <span class='ocrx_word' id='word_1_240' title='bbox 496 2459 618 2490; x_wconf 87' lang='lat' dir='ltr'>nempe</span> <span class='ocrx_word' id='word_1_241' title='bbox 641 2453 807 2490; x_wconf 74' lang='lat' dir='ltr'>spectatae</span> <span class='ocrx_word' id='word_1_242' title='bbox 823 2448 926 2480; x_wconf 83' lang='lat' dir='ltr'>virtu-</span> 
     </span>
     <span class='ocr_line' id='line_1_45' title="bbox 231 2499 926 2543; baseline -0.006 -10"><span class='ocrx_word' id='word_1_243' title='bbox 231 2503 288 2543; x_wconf 76' lang='lat' dir='ltr'>tis,</span> <span class='ocrx_word' id='word_1_244' title='bbox 303 2510 503 2543; x_wconf 85' lang='lat' dir='ltr'>quamquam</span> <span class='ocrx_word' id='word_1_245' title='bbox 519 2509 610 2532; x_wconf 87' lang='lat' dir='ltr'>nunc</span> <span class='ocrx_word' id='word_1_246' title='bbox 632 2499 800 2531; x_wconf 88' lang='lat' dir='ltr'>rudiarius</span> <span class='ocrx_word' id='word_1_247' title='bbox 823 2503 860 2530; x_wconf 88' lang='lat' dir='ltr'>et</span> <span class='ocrx_word' id='word_1_248' title='bbox 881 2508 926 2530; x_wconf 83' lang='lat' dir='ltr'>ae-</span> 
     </span>
     <span class='ocr_line' id='line_1_46' title="bbox 233 2548 926 2591; baseline -0.006 -8"><span class='ocrx_word' id='word_1_249' title='bbox 233 2556 304 2583; x_wconf 88' lang='lat' dir='ltr'>tate</span> <span class='ocrx_word' id='word_1_250' title='bbox 320 2551 442 2591; x_wconf 89' lang='lat' dir='ltr'>impar,</span> <span class='ocrx_word' id='word_1_251' title='bbox 457 2550 581 2591; x_wconf 75' lang='lat' dir='ltr'>saepius</span> <span class='ocrx_word' id='word_1_252' title='bbox 597 2559 618 2581; x_wconf 88' lang='lat' dir='ltr'>a</span> <span class='ocrx_word' id='word_1_253' title='bbox 632 2550 758 2591; x_wconf 86' lang='lat' dir='ltr'>populo</span> <span class='ocrx_word' id='word_1_254' title='bbox 775 2548 926 2589; x_wconf 87' lang='lat' dir='ltr'>postula·</span> 
     </span>
     <span class='ocr_line' id='line_1_47' title="bbox 231 2599 926 2640; baseline -0.006 -7"><span class='ocrx_word' id='word_1_255' title='bbox 231 2606 348 2639; x_wconf 88' lang='lat' dir='ltr'>retur;</span> <span class='ocrx_word' id='word_1_256' title='bbox 382 2600 491 2632; x_wconf 87' lang='lat' dir='ltr'>latere</span> <span class='ocrx_word' id='word_1_257' title='bbox 519 2605 632 2632; x_wconf 85' lang='lat' dir='ltr'>tamen</span> <span class='ocrx_word' id='word_1_258' title='bbox 663 2599 796 2639; x_wconf 86' lang='lat' dir='ltr'>maluit,</span> <span class='ocrx_word' id='word_1_259' title='bbox 825 2608 926 2640; x_wconf 86' lang='lat' dir='ltr'>quam</span> 
     </span>
     <span class='ocr_line' id='line_1_48' title="bbox 231 2649 925 2693; baseline -0.004 -10"><span class='ocrx_word' id='word_1_260' title='bbox 231 2651 362 2693; x_wconf 85' lang='lat' dir='ltr'>quoties</span> <span class='ocrx_word' id='word_1_261' title='bbox 394 2649 548 2691; x_wconf 88' lang='lat' dir='ltr'>prodiret</span> <span class='ocrx_word' id='word_1_262' title='bbox 580 2650 615 2681; x_wconf 90' lang='lat' dir='ltr'>in</span> <span class='ocrx_word' id='word_1_263' title='bbox 644 2658 794 2689; x_wconf 81' lang='lat' dir='ltr'>arenam,</span> <span class='ocrx_word' id='word_1_264' title='bbox 822 2649 925 2681; x_wconf 87' lang='lat' dir='ltr'>toties</span> 
     </span>
     <span class='ocr_line' id='line_1_49' title="bbox 231 2699 926 2740; baseline -0.004 -6"><span class='ocrx_word' id='word_1_265' title='bbox 231 2710 388 2740; x_wconf 88' lang='lat' dir='ltr'>exorare,</span> <span class='ocrx_word' id='word_1_266' title='bbox 403 2709 445 2731; x_wconf 92' lang='lat' dir='ltr'>ne</span> <span class='ocrx_word' id='word_1_267' title='bbox 463 2700 585 2731; x_wconf 89' lang='lat' dir='ltr'>iterum</span> <span class='ocrx_word' id='word_1_268' title='bbox 602 2704 789 2740; x_wconf 90' lang='lat' dir='ltr'>peteretur.</span> <span class='ocrx_word' id='word_1_269' title='bbox 833 2699 926 2731; x_wconf 82' lang='lat' dir='ltr'>Nota</span> 
     </span>
     <span class='ocr_line' id='line_1_50' title="bbox 229 2750 924 2792; baseline -0.001 -9"><span class='ocrx_word' id='word_1_270' title='bbox 229 2753 319 2784; x_wconf 87' lang='lat' dir='ltr'>enim</span> <span class='ocrx_word' id='word_1_271' title='bbox 355 2750 563 2783; x_wconf 86' lang='lat' dir='ltr'>consuetudo</span> <span class='ocrx_word' id='word_1_272' title='bbox 594 2750 788 2792; x_wconf 87' lang='lat' dir='ltr'>postulandi</span> <span class='ocrx_word' id='word_1_273' title='bbox 824 2751 924 2783; x_wconf 82' lang='lat' dir='ltr'>etiam</span> 
     </span>
     <span class='ocr_line' id='line_1_51' title="bbox 231 2801 925 2838; baseline -0.001 -3"><span class='ocrx_word' id='word_1_274' title='bbox 231 2802 316 2835; x_wconf 86' lang='lat' dir='ltr'>rude</span> <span class='ocrx_word' id='word_1_275' title='bbox 333 2801 487 2838; x_wconf 85' lang='lat' dir='ltr'>donatos,</span> <span class='ocrx_word' id='word_1_276' title='bbox 502 2801 552 2834; x_wconf 91' lang='lat' dir='ltr'>uti</span> <span class='ocrx_word' id='word_1_277' title='bbox 565 2807 600 2833; x_wconf 83' lang='lat' dir='ltr'>et</span> <span class='ocrx_word' id='word_1_278' title='bbox 623 2803 801 2833; x_wconf 85' lang='lat' dir='ltr'>veteranos</span> <span class='ocrx_word' id='word_1_279' title='bbox 816 2802 849 2834; x_wconf 90' lang='lat' dir='ltr'>in</span> <span class='ocrx_word' id='word_1_280' title='bbox 865 2801 925 2834; x_wconf 76' lang='lat' dir='ltr'>mi·</span> 
     </span>
    </p>
   </div>
   <div class='ocr_carea' id='block_1_5' title="bbox 708 251 1239 294">
    <p class='ocr_par' dir='ltr' id='par_1_7' title="bbox 708 251 1239 294">
     <span class='ocr_line' id='line_1_52' title="bbox 708 251 1239 294; baseline 0 -13"><span class='ocrx_word' id='word_1_281' title='bbox 708 251 850 282; x_wconf 82' lang='lat' dir='ltr'>NOTAE</span> <span class='ocrx_word' id='word_1_282' title='bbox 883 251 947 281; x_wconf 83' lang='lat' dir='ltr'>VA</span> <span class='ocrx_word' id='word_1_283' title='bbox 958 251 1109 283; x_wconf 83' lang='lat' dir='ltr'>RIORU</span> <span class='ocrx_word' id='word_1_284' title='bbox 1119 253 1150 282; x_wconf 85' lang='lat' dir='ltr'>M</span> <span class='ocrx_word' id='word_1_285' title='bbox 1187 251 1239 294; x_wconf 52' lang='lat' dir='ltr'>IN</span> 
     </span>
    </p>
   </div>
   <div class='ocr_carea' id='block_1_6' title="bbox 995 345 1696 538">
    <p class='ocr_par' dir='ltr' id='par_1_8' title="bbox 995 345 1696 538">
     <span class='ocr_line' id='line_1_53' title="bbox 997 345 1696 388; baseline 0.004 -12"><span class='ocrx_word' id='word_1_286' title='bbox 997 345 1118 385; x_wconf 66' lang='lat' dir='ltr'>litiani,</span> <span class='ocrx_word' id='word_1_287' title='bbox 1134 346 1221 388; x_wconf 88' lang='lat' dir='ltr'>quod</span> <span class='ocrx_word' id='word_1_288' title='bbox 1237 346 1368 386; x_wconf 76' lang='lat' dir='ltr'>ingenti</span> <span class='ocrx_word' id='word_1_289' title='bbox 1391 354 1485 387; x_wconf 77' lang='lat' dir='ltr'>saepe</span> <span class='ocrx_word' id='word_1_290' title='bbox 1495 346 1614 388; x_wconf 75' lang='lat' dir='ltr'>pretio</span> <span class='ocrx_word' id='word_1_291' title='bbox 1626 346 1696 379; x_wconf 74' lang='lat' dir='ltr'>fuc-</span> 
     </span>
     <span class='ocr_line' id='line_1_54' title="bbox 996 396 1696 442; baseline 0.001 -15"><span class='ocrx_word' id='word_1_292' title='bbox 996 396 1158 429; x_wconf 82' lang='lat' dir='ltr'>titabant.</span> <span class='ocrx_word' id='word_1_293' title='bbox 1191 396 1340 428; x_wconf 88' lang='lat' dir='ltr'>Turneb.</span> <span class='ocrx_word' id='word_1_294' title='bbox 1356 405 1461 428; x_wconf 75' lang='lat' dir='ltr'>xxvl.</span> <span class='ocrx_word' id='word_1_295' title='bbox 1475 397 1696 442; x_wconf 37' lang='lat' dir='ltr'>26.&#39;‚Torrene.</span> 
     </span>
     <span class='ocr_line' id='line_1_55' title="bbox 995 445 1694 488; baseline 0.003 -11"><span class='ocrx_word' id='word_1_296' title='bbox 995 447 1119 488; x_wconf 78' lang='lat' dir='ltr'>Arena]</span> <span class='ocrx_word' id='word_1_297' title='bbox 1154 445 1208 478; x_wconf 90' lang='lat' dir='ltr'>Ab</span> <span class='ocrx_word' id='word_1_298' title='bbox 1234 451 1388 479; x_wconf 81' lang='lat' dir='ltr'>extrema</span> <span class='ocrx_word' id='word_1_299' title='bbox 1411 451 1511 488; x_wconf 85' lang='lat' dir='ltr'>parte</span> <span class='ocrx_word' id='word_1_300' title='bbox 1532 457 1643 480; x_wconf 75' lang='lat' dir='ltr'>arenae</span> <span class='ocrx_word' id='word_1_301' title='bbox 1659 447 1694 479; x_wconf 87' lang='lat' dir='ltr'>in</span> 
     </span>
     <span class='ocr_line' id='line_1_56' title="bbox 996 497 1318 538; baseline 0.006 -11"><span class='ocrx_word' id='word_1_302' title='bbox 996 506 1063 538; x_wconf 88' lang='lat' dir='ltr'>qua</span> <span class='ocrx_word' id='word_1_303' title='bbox 1079 497 1318 529; x_wconf 85' lang='lat' dir='ltr'>decertabant.</span> 
     </span>
    </p>
   </div>
   <div class='ocr_carea' id='block_1_7' title="bbox 1038 546 1762 595">
    <p class='ocr_par' dir='ltr' id='par_1_9' title="bbox 1038 546 1762 595">
     <span class='ocr_line' id='line_1_57' title="bbox 1038 546 1762 595; baseline 0.003 -18"><span class='ocrx_word' id='word_1_304' title='bbox 1038 549 1057 577; x_wconf 86' lang='grc'><strong>7</strong></span> <span class='ocrx_word' id='word_1_305' title='bbox 1085 547 1145 578; x_wconf 84' lang='lat' dir='ltr'>Est</span> <span class='ocrx_word' id='word_1_306' title='bbox 1158 546 1236 578; x_wconf 70' lang='lat' dir='ltr'>mila·</span> <span class='ocrx_word' id='word_1_307' title='bbox 1247 550 1432 587; x_wconf 80' lang='lat' dir='ltr'>purgatam,</span> <span class='ocrx_word' id='word_1_308' title='bbox 1445 547 1514 588; x_wconf 59' lang='lat' dir='ltr'>&amp;et-J</span> <span class='ocrx_word' id='word_1_309' title='bbox 1545 547 1695 579; x_wconf 89' lang='lat' dir='ltr'>Monito·</span> <span class='ocrx_word' id='word_1_310' title='bbox 1757 591 1762 595; x_wconf 38' lang='grc' dir='ltr'>Ι</span> 
     </span>
    </p>
   </div>
   <div class='ocr_carea' id='block_1_8' title="bbox 977 596 1694 2540">
    <p class='ocr_par' dir='ltr' id='par_1_10' title="bbox 989 596 1694 1380">
     <span class='ocr_line' id='line_1_58' title="bbox 996 596 1693 638; baseline 0.001 -11"><span class='ocrx_word' id='word_1_311' title='bbox 996 605 1066 627; x_wconf 88' lang='lat' dir='ltr'>rem</span> <span class='ocrx_word' id='word_1_312' title='bbox 1083 601 1197 628; x_wconf 91' lang='lat' dir='ltr'>autem</span> <span class='ocrx_word' id='word_1_313' title='bbox 1213 596 1271 638; x_wconf 89' lang='lat' dir='ltr'>qui</span> <span class='ocrx_word' id='word_1_314' title='bbox 1288 601 1392 630; x_wconf 80' lang='lat' dir='ltr'>sonat,</span> <span class='ocrx_word' id='word_1_315' title='bbox 1411 605 1474 637; x_wconf 88' lang='lat' dir='ltr'>per</span> <span class='ocrx_word' id='word_1_316' title='bbox 1489 606 1604 628; x_wconf 86' lang='lat' dir='ltr'>aurem</span> <span class='ocrx_word' id='word_1_317' title='bbox 1620 596 1693 628; x_wconf 90' lang='lat' dir='ltr'>Ho-</span> 
     </span>
     <span class='ocr_line' id='line_1_59' title="bbox 995 645 1694 688; baseline 0.001 -11"><span class='ocrx_word' id='word_1_318' title='bbox 995 647 1096 686; x_wconf 83' lang='lat' dir='ltr'>ratio,</span> <span class='ocrx_word' id='word_1_319' title='bbox 1119 647 1251 688; x_wconf 90' lang='lat' dir='ltr'>accipio</span> <span class='ocrx_word' id='word_1_320' title='bbox 1268 648 1446 686; x_wconf 76' lang='grc' dir='ltr'><strong><em>ποιητικῶς,</em></strong></span> <span class='ocrx_word' id='word_1_321' title='bbox 1463 645 1585 678; x_wconf 82' lang='lat' dir='ltr'>animae</span> <span class='ocrx_word' id='word_1_322' title='bbox 1607 646 1694 678; x_wconf 88' lang='lat' dir='ltr'>divi·</span> 
     </span>
     <span class='ocr_line' id='line_1_60' title="bbox 996 697 1694 738; baseline 0 -10"><span class='ocrx_word' id='word_1_323' title='bbox 996 697 1124 729; x_wconf 87' lang='lat' dir='ltr'>niorem</span> <span class='ocrx_word' id='word_1_324' title='bbox 1154 702 1300 738; x_wconf 83' lang='lat' dir='ltr'>partem,</span> <span class='ocrx_word' id='word_1_325' title='bbox 1326 702 1474 728; x_wconf 85' lang='lat' dir='ltr'>mentem</span> <span class='ocrx_word' id='word_1_326' title='bbox 1503 697 1613 738; x_wconf 88' lang='lat' dir='ltr'>ipsam</span> <span class='ocrx_word' id='word_1_327' title='bbox 1641 697 1694 728; x_wconf 84' lang='lat' dir='ltr'>vel</span> 
     </span>
     <span class='ocr_line' id='line_1_61' title="bbox 995 745 1693 790; baseline -0.003 -10"><span class='ocrx_word' id='word_1_328' title='bbox 995 748 1175 790; x_wconf 84' lang='lat' dir='ltr'>rationem,</span> <span class='ocrx_word' id='word_1_329' title='bbox 1198 748 1419 779; x_wconf 83' lang='lat' dir='ltr'>humanorum</span> <span class='ocrx_word' id='word_1_330' title='bbox 1447 745 1631 778; x_wconf 83' lang='lat' dir='ltr'>affectuum</span> <span class='ocrx_word' id='word_1_331' title='bbox 1659 747 1693 778; x_wconf 91' lang='lat' dir='ltr'>in</span> 
     </span>
     <span class='ocr_line' id='line_1_62' title="bbox 993 797 1694 840; baseline -0.003 -11"><span class='ocrx_word' id='word_1_332' title='bbox 993 799 1110 840; x_wconf 85' lang='lat' dir='ltr'>capite</span> <span class='ocrx_word' id='word_1_333' title='bbox 1127 799 1232 830; x_wconf 86' lang='lat' dir='ltr'>veluti</span> <span class='ocrx_word' id='word_1_334' title='bbox 1250 797 1465 839; x_wconf 64' lang='lat' dir='ltr'>praefectum,</span> <span class='ocrx_word' id='word_1_335' title='bbox 1475 797 1623 829; x_wconf 85' lang='lat' dir='ltr'>Platone</span> <span class='ocrx_word' id='word_1_336' title='bbox 1634 806 1694 828; x_wconf 87' lang='lat' dir='ltr'>au·</span> 
     </span>
     <span class='ocr_line' id='line_1_63' title="bbox 996 847 1694 890; baseline -0.001 -10"><span class='ocrx_word' id='word_1_337' title='bbox 996 854 1070 880; x_wconf 90' lang='lat' dir='ltr'>tore</span> <span class='ocrx_word' id='word_1_338' title='bbox 1084 859 1092 880; x_wconf 89' lang='lat'><strong>:</strong></span> <span class='ocrx_word' id='word_1_339' title='bbox 1112 850 1164 880; x_wconf 89' lang='lat' dir='ltr'>vel</span> <span class='ocrx_word' id='word_1_340' title='bbox 1175 849 1284 890; x_wconf 86' lang='lat' dir='ltr'>ipsum</span> <span class='ocrx_word' id='word_1_341' title='bbox 1299 850 1458 886; x_wconf 88' lang='lat' dir='ltr'>animum,</span> <span class='ocrx_word' id='word_1_342' title='bbox 1470 847 1506 880; x_wconf 64' lang='grc' dir='ltr'>ὃς</span> <span class='ocrx_word' id='word_1_343' title='bbox 1515 849 1549 880; x_wconf 82' lang='grc' dir='ltr'>ἐν</span> <span class='ocrx_word' id='word_1_344' title='bbox 1562 847 1619 879; x_wconf 73' lang='grc' dir='ltr'>ὠσὶ</span> <span class='ocrx_word' id='word_1_345' title='bbox 1630 849 1694 879; x_wconf 75' lang='grc' dir='ltr'>τόν</span> 
     </span>
     <span class='ocr_line' id='line_1_64' title="bbox 993 897 1693 940; baseline -0.001 -10"><span class='ocrx_word' id='word_1_346' title='bbox 993 898 1155 940; x_wconf 74' lang='grc' dir='ltr'>ἀνθρώπων</span> <span class='ocrx_word' id='word_1_347' title='bbox 1179 897 1284 938; x_wconf 78' lang='grc' dir='ltr'>οἰκέει,</span> <span class='ocrx_word' id='word_1_348' title='bbox 1299 898 1334 929; x_wconf 83' lang='lat' dir='ltr'>id</span> <span class='ocrx_word' id='word_1_349' title='bbox 1350 904 1416 939; x_wconf 85' lang='lat' dir='ltr'>est,</span> <span class='ocrx_word' id='word_1_350' title='bbox 1435 898 1489 939; x_wconf 78' lang='lat' dir='ltr'>qui</span> <span class='ocrx_word' id='word_1_351' title='bbox 1510 898 1545 929; x_wconf 73' lang='lat' dir='ltr'>in</span> <span class='ocrx_word' id='word_1_352' title='bbox 1563 897 1693 929; x_wconf 69' lang='lat' dir='ltr'>aur-ibus</span> 
     </span>
     <span class='ocr_line' id='line_1_65' title="bbox 993 948 1694 993; baseline 0 -13"><span class='ocrx_word' id='word_1_353' title='bbox 993 949 1148 980; x_wconf 77' lang='lat' dir='ltr'>hominum</span> <span class='ocrx_word' id='word_1_354' title='bbox 1172 949 1318 993; x_wconf 52' lang='lat' dir='ltr'>,lmbitare</span> <span class='ocrx_word' id='word_1_355' title='bbox 1345 948 1474 980; x_wconf 85' lang='lat' dir='ltr'>dieitur</span> <span class='ocrx_word' id='word_1_356' title='bbox 1501 948 1694 980; x_wconf 85' lang='lat' dir='ltr'>Herodoto.</span> 
     </span>
     <span class='ocr_line' id='line_1_66' title="bbox 996 993 1694 1040; baseline 0 -10"><span class='ocrx_word' id='word_1_357' title='bbox 996 1000 1093 1040; x_wconf 82' lang='lat' dir='ltr'>Cruq.</span> <span class='ocrx_word' id='word_1_358' title='bbox 1126 993 1202 1031; x_wconf 61' lang='lat' dir='ltr'>&#39;Est</span> <span class='ocrx_word' id='word_1_359' title='bbox 1215 999 1294 1031; x_wconf 77' lang='lat' dir='ltr'>mihi</span> <span class='ocrx_word' id='word_1_360' title='bbox 1310 998 1491 1040; x_wconf 71' lang='lat' dir='ltr'>purgatam]</span> <span class='ocrx_word' id='word_1_361' title='bbox 1524 999 1589 1030; x_wconf 86' lang='lat' dir='ltr'>Est</span> <span class='ocrx_word' id='word_1_362' title='bbox 1612 998 1694 1030; x_wconf 84' lang='lat' dir='ltr'>mihi</span> 
     </span>
     <span class='ocr_line' id='line_1_67' title="bbox 991 1046 1694 1090; baseline -0.001 -9"><span class='ocrx_word' id='word_1_363' title='bbox 991 1049 1150 1086; x_wconf 89' lang='lat' dir='ltr'>monitor,</span> <span class='ocrx_word' id='word_1_364' title='bbox 1167 1049 1256 1081; x_wconf 88' lang='lat' dir='ltr'>ratio</span> <span class='ocrx_word' id='word_1_365' title='bbox 1277 1046 1448 1090; x_wconf 86' lang='lat' dir='ltr'>nimirum,</span> <span class='ocrx_word' id='word_1_366' title='bbox 1471 1048 1538 1089; x_wconf 87' lang='lat' dir='ltr'>vel,</span> <span class='ocrx_word' id='word_1_367' title='bbox 1562 1047 1694 1080; x_wconf 83' lang='lat' dir='ltr'>consci-</span> 
     </span>
     <span class='ocr_line' id='line_1_68' title="bbox 991 1097 1693 1142; baseline -0.001 -12"><span class='ocrx_word' id='word_1_368' title='bbox 991 1099 1092 1130; x_wconf 85' lang='lat' dir='ltr'>entiae</span> <span class='ocrx_word' id='word_1_369' title='bbox 1107 1099 1275 1131; x_wconf 82' lang='lat' dir='ltr'>stimulus.</span> <span class='ocrx_word' id='word_1_370' title='bbox 1318 1099 1472 1142; x_wconf 65' lang='lat' dir='ltr'>Permanet</span> <span class='ocrx_word' id='word_1_371' title='bbox 1483 1097 1693 1139; x_wconf 61' lang='lat' dir='ltr'>auremJHis</span> 
     </span>
     <span class='ocr_line' id='line_1_69' title="bbox 992 1147 1690 1191; baseline 0 -11"><span class='ocrx_word' id='word_1_372' title='bbox 992 1149 1104 1181; x_wconf 84' lang='lat' dir='ltr'>verbis</span> <span class='ocrx_word' id='word_1_373' title='bbox 1118 1149 1264 1189; x_wconf 88' lang='lat' dir='ltr'>scilieet,</span> <span class='ocrx_word' id='word_1_374' title='bbox 1277 1158 1352 1191; x_wconf 78' lang='lat' dir='ltr'>quae</span> <span class='ocrx_word' id='word_1_375' title='bbox 1373 1153 1574 1190; x_wconf 83' lang='lat' dir='ltr'>sequuntur,</span> <span class='ocrx_word' id='word_1_376' title='bbox 1596 1147 1690 1180; x_wconf 76' lang='lat' dir='ltr'>solve</span> 
     </span>
     <span class='ocr_line' id='line_1_70' title="bbox 989 1196 1690 1241; baseline -0.004 -10"><span class='ocrx_word' id='word_1_377' title='bbox 989 1209 1055 1231; x_wconf 83' lang='lat' dir='ltr'>sen.</span> <span class='ocrx_word' id='word_1_378' title='bbox 1073 1205 1176 1241; x_wconf 86' lang='lat' dir='ltr'>atque</span> <span class='ocrx_word' id='word_1_379' title='bbox 1191 1200 1240 1231; x_wconf 84' lang='lat' dir='ltr'>ita</span> <span class='ocrx_word' id='word_1_380' title='bbox 1254 1199 1441 1241; x_wconf 80' lang='lat' dir='ltr'>Virgilius:</span> <span class='ocrx_word' id='word_1_381' title='bbox 1473 1198 1587 1230; x_wconf 79' lang='lat' dir='ltr'>‘Cava</span> <span class='ocrx_word' id='word_1_382' title='bbox 1609 1196 1690 1228; x_wconf 85' lang='lat' dir='ltr'>dum</span> 
     </span>
     <span class='ocr_line' id='line_1_71' title="bbox 992 1247 1690 1290; baseline -0.001 -9"><span class='ocrx_word' id='word_1_383' title='bbox 992 1255 1151 1290; x_wconf 87' lang='lat' dir='ltr'>personat</span> <span class='ocrx_word' id='word_1_384' title='bbox 1181 1258 1318 1290; x_wconf 67' lang='lat' dir='ltr'>aequora</span> <span class='ocrx_word' id='word_1_385' title='bbox 1353 1247 1508 1280; x_wconf 55' lang='lat' dir='ltr'>concha?</span> <span class='ocrx_word' id='word_1_386' title='bbox 1548 1247 1690 1280; x_wconf 59' lang='lat' dir='ltr'>vaent.</span> 
     </span>
     <span class='ocr_line' id='line_1_72' title="bbox 990 1298 1688 1338; baseline -0.003 -8"><span class='ocrx_word' id='word_1_387' title='bbox 990 1300 1139 1330; x_wconf 74' lang='lat' dir='ltr'>Per-sonet</span> <span class='ocrx_word' id='word_1_388' title='bbox 1153 1298 1275 1338; x_wconf 80' lang='lat' dir='ltr'>aurem]</span> <span class='ocrx_word' id='word_1_389' title='bbox 1299 1298 1367 1331; x_wconf 84' lang='lat' dir='ltr'>Qui</span> <span class='ocrx_word' id='word_1_390' title='bbox 1382 1302 1480 1329; x_wconf 80' lang='lat' dir='ltr'>sonet</span> <span class='ocrx_word' id='word_1_391' title='bbox 1495 1306 1558 1338; x_wconf 81' lang='lat' dir='ltr'>per</span> <span class='ocrx_word' id='word_1_392' title='bbox 1573 1306 1688 1329; x_wconf 87' lang='lat' dir='ltr'>aurem</span> 
     </span>
     <span class='ocr_line' id='line_1_73' title="bbox 989 1348 1556 1380; baseline 0 0"><span class='ocrx_word' id='word_1_393' title='bbox 989 1348 1134 1380; x_wconf 88' lang='lat' dir='ltr'>docilem</span> <span class='ocrx_word' id='word_1_394' title='bbox 1149 1353 1184 1379; x_wconf 90' lang='lat' dir='ltr'>et</span> <span class='ocrx_word' id='word_1_395' title='bbox 1199 1352 1383 1379; x_wconf 87' lang='lat' dir='ltr'>attentam.</span> <span class='ocrx_word' id='word_1_396' title='bbox 1553 1377 1556 1380; x_wconf 78' lang='grc'>,</span> 
     </span>
    </p>

    <p class='ocr_par' dir='ltr' id='par_1_11' title="bbox 977 1397 1689 2389">
     <span class='ocr_line' id='line_1_74' title="bbox 1029 1397 1688 1438; baseline -0.002 -9"><span class='ocrx_word' id='word_1_397' title='bbox 1029 1400 1050 1429; x_wconf 87' lang='grc'>8</span> <span class='ocrx_word' id='word_1_398' title='bbox 1073 1397 1163 1429; x_wconf 78' lang='lat' dir='ltr'>Solve</span> <span class='ocrx_word' id='word_1_399' title='bbox 1174 1397 1395 1438; x_wconf 72' lang='lat' dir='ltr'>senescentem]</span> <span class='ocrx_word' id='word_1_400' title='bbox 1425 1397 1505 1429; x_wconf 86' lang='lat' dir='ltr'>Alia</span> <span class='ocrx_word' id='word_1_401' title='bbox 1531 1401 1642 1429; x_wconf 83' lang='lat' dir='ltr'>sumta</span> <span class='ocrx_word' id='word_1_402' title='bbox 1667 1407 1688 1429; x_wconf 81' lang='lat' dir='ltr'>a</span> 
     </span>
     <span class='ocr_line' id='line_1_75' title="bbox 988 1447 1689 1489; baseline 0 -10"><span class='ocrx_word' id='word_1_403' title='bbox 988 1448 1080 1480; x_wconf 88' lang='lat' dir='ltr'>circo</span> <span class='ocrx_word' id='word_1_404' title='bbox 1105 1448 1322 1489; x_wconf 86' lang='lat' dir='ltr'>Metaphora.</span> <span class='ocrx_word' id='word_1_405' title='bbox 1364 1448 1421 1479; x_wconf 90' lang='lat' dir='ltr'>De</span> <span class='ocrx_word' id='word_1_406' title='bbox 1446 1447 1543 1489; x_wconf 82' lang='lat' dir='ltr'>equis</span> <span class='ocrx_word' id='word_1_407' title='bbox 1573 1453 1689 1479; x_wconf 85' lang='lat' dir='ltr'>autem</span> 
     </span>
     <span class='ocr_line' id='line_1_76' title="bbox 989 1497 1687 1539; baseline 0 -10"><span class='ocrx_word' id='word_1_408' title='bbox 989 1498 1206 1530; x_wconf 84' lang='lat' dir='ltr'>Circensibus</span> <span class='ocrx_word' id='word_1_409' title='bbox 1218 1497 1299 1531; x_wconf 84' lang='lat' dir='ltr'>alibi</span> <span class='ocrx_word' id='word_1_410' title='bbox 1313 1497 1479 1530; x_wconf 83' lang='lat' dir='ltr'>diximus:</span> <span class='ocrx_word' id='word_1_411' title='bbox 1497 1507 1610 1539; x_wconf 85' lang='lat' dir='ltr'>neque</span> <span class='ocrx_word' id='word_1_412' title='bbox 1624 1497 1687 1537; x_wconf 62' lang='lat' dir='ltr'>dir,-</span> 
     </span>
     <span class='ocr_line' id='line_1_77' title="bbox 988 1548 1688 1591; baseline -0.001 -11"><span class='ocrx_word' id='word_1_413' title='bbox 988 1548 1074 1590; x_wconf 88' lang='lat' dir='ltr'>bito‚</span> <span class='ocrx_word' id='word_1_414' title='bbox 1086 1549 1166 1591; x_wconf 87' lang='lat' dir='ltr'>quin</span> <span class='ocrx_word' id='word_1_415' title='bbox 1179 1549 1223 1580; x_wconf 89' lang='lat' dir='ltr'>ad</span> <span class='ocrx_word' id='word_1_416' title='bbox 1237 1549 1297 1580; x_wconf 87' lang='lat' dir='ltr'>hos</span> <span class='ocrx_word' id='word_1_417' title='bbox 1309 1548 1410 1580; x_wconf 89' lang='lat' dir='ltr'>Ennii</span> <span class='ocrx_word' id='word_1_418' title='bbox 1420 1557 1535 1580; x_wconf 83' lang='lat' dir='ltr'>versus</span> <span class='ocrx_word' id='word_1_419' title='bbox 1548 1556 1688 1589; x_wconf 87' lang='lat' dir='ltr'>respex-</span> 
     </span>
     <span class='ocr_line' id='line_1_78' title="bbox 987 1596 1686 1639; baseline -0.003 -9"><span class='ocrx_word' id='word_1_420' title='bbox 987 1599 1054 1631; x_wconf 87' lang='lat' dir='ltr'>erit</span> <span class='ocrx_word' id='word_1_421' title='bbox 1070 1599 1178 1630; x_wconf 67' lang='lat' dir='ltr'>Poeta</span> <span class='ocrx_word' id='word_1_422' title='bbox 1194 1608 1202 1628; x_wconf 72' lang='lat' dir='ltr'>t</span> <span class='ocrx_word' id='word_1_423' title='bbox 1228 1598 1348 1630; x_wconf 89' lang='lat' dir='ltr'>‘Sicut</span> <span class='ocrx_word' id='word_1_424' title='bbox 1371 1596 1468 1629; x_wconf 84' lang='lat' dir='ltr'>fortis</span> <span class='ocrx_word' id='word_1_425' title='bbox 1488 1606 1594 1639; x_wconf 86' lang='lat' dir='ltr'>equus</span> <span class='ocrx_word' id='word_1_426' title='bbox 1609 1607 1686 1639; x_wconf 86' lang='lat' dir='ltr'>spa-</span> 
     </span>
     <span class='ocr_line' id='line_1_79' title="bbox 987 1642 1686 1691; baseline -0.003 -10"><span class='ocrx_word' id='word_1_427' title='bbox 987 1650 1036 1682; x_wconf 89' lang='lat' dir='ltr'>tio</span> <span class='ocrx_word' id='word_1_428' title='bbox 1047 1650 1104 1691; x_wconf 85' lang='lat' dir='ltr'>qui</span> <span class='ocrx_word' id='word_1_429' title='bbox 1121 1642 1214 1690; x_wconf 81' lang='lat' dir='ltr'>saepe</span> <span class='ocrx_word' id='word_1_430' title='bbox 1229 1657 1386 1690; x_wconf 87' lang='lat' dir='ltr'>supremo</span> <span class='ocrx_word' id='word_1_431' title='bbox 1402 1647 1495 1680; x_wconf 82' lang='lat' dir='ltr'>Vicit</span> <span class='ocrx_word' id='word_1_432' title='bbox 1511 1647 1686 1689; x_wconf 82' lang='lat' dir='ltr'>Olympia,</span> 
     </span>
     <span class='ocr_line' id='line_1_80' title="bbox 986 1694 1686 1740; baseline -0.004 -8"><span class='ocrx_word' id='word_1_433' title='bbox 986 1710 1075 1732; x_wconf 88' lang='lat' dir='ltr'>nunc</span> <span class='ocrx_word' id='word_1_434' title='bbox 1090 1700 1184 1731; x_wconf 83' lang='lat' dir='ltr'>senio</span> <span class='ocrx_word' id='word_1_435' title='bbox 1199 1697 1377 1731; x_wconf 86' lang='lat' dir='ltr'>confectus</span> <span class='ocrx_word' id='word_1_436' title='bbox 1389 1694 1558 1740; x_wconf 65' lang='lat' dir='ltr'>quiescit!</span> <span class='ocrx_word' id='word_1_437' title='bbox 1588 1698 1686 1730; x_wconf 89' lang='lat' dir='ltr'>Sum-</span> 
     </span>
     <span class='ocr_line' id='line_1_81' title="bbox 986 1747 1685 1791; baseline -0.006 -8"><span class='ocrx_word' id='word_1_438' title='bbox 986 1759 1041 1782; x_wconf 80' lang='lat' dir='ltr'>ma</span> <span class='ocrx_word' id='word_1_439' title='bbox 1053 1755 1166 1783; x_wconf 89' lang='lat' dir='ltr'>autem</span> <span class='ocrx_word' id='word_1_440' title='bbox 1182 1755 1257 1782; x_wconf 87' lang='lat' dir='ltr'>erat</span> <span class='ocrx_word' id='word_1_441' title='bbox 1272 1759 1339 1782; x_wconf 87' lang='lat' dir='ltr'>non</span> <span class='ocrx_word' id='word_1_442' title='bbox 1353 1749 1558 1791; x_wconf 81' lang='lat' dir='ltr'>agitatorum</span> <span class='ocrx_word' id='word_1_443' title='bbox 1573 1747 1685 1788; x_wconf 84' lang='lat' dir='ltr'>modo,</span> 
     </span>
     <span class='ocr_line' id='line_1_82' title="bbox 985 1799 1683 1842; baseline -0.003 -10"><span class='ocrx_word' id='word_1_444' title='bbox 985 1801 1047 1833; x_wconf 89' lang='lat' dir='ltr'>sed</span> <span class='ocrx_word' id='word_1_445' title='bbox 1063 1806 1098 1833; x_wconf 86' lang='lat' dir='ltr'>et</span> <span class='ocrx_word' id='word_1_446' title='bbox 1114 1810 1293 1842; x_wconf 89' lang='lat' dir='ltr'>equorum,</span> <span class='ocrx_word' id='word_1_447' title='bbox 1307 1799 1366 1841; x_wconf 88' lang='lat' dir='ltr'>qni</span> <span class='ocrx_word' id='word_1_448' title='bbox 1381 1799 1424 1831; x_wconf 89' lang='lat' dir='ltr'>ad</span> <span class='ocrx_word' id='word_1_449' title='bbox 1440 1804 1547 1830; x_wconf 79' lang='lat' dir='ltr'>metas</span> <span class='ocrx_word' id='word_1_450' title='bbox 1562 1799 1683 1830; x_wconf 85' lang='lat' dir='ltr'>decur-</span> 
     </span>
     <span class='ocr_line' id='line_1_83' title="bbox 986 1847 1684 1890; baseline 0 -10"><span class='ocrx_word' id='word_1_451' title='bbox 986 1847 1120 1890; x_wconf 74' lang='lat' dir='ltr'>reBant,</span> <span class='ocrx_word' id='word_1_452' title='bbox 1135 1851 1254 1889; x_wconf 79' lang='lat' dir='ltr'>gioria.</span> <span class='ocrx_word' id='word_1_453' title='bbox 1291 1850 1384 1881; x_wconf 84' lang='lat' dir='ltr'>Hinc</span> <span class='ocrx_word' id='word_1_454' title='bbox 1397 1852 1408 1868; x_wconf 80' lang='lat'><strong>⁶</strong></span> <span class='ocrx_word' id='word_1_455' title='bbox 1418 1847 1589 1889; x_wconf 86' lang='lat' dir='ltr'>Volucer,’</span> <span class='ocrx_word' id='word_1_456' title='bbox 1604 1848 1684 1880; x_wconf 78' lang='lat' dir='ltr'>hinc</span> 
     </span>
     <span class='ocr_line' id='line_1_84' title="bbox 984 1896 1686 1938; baseline 0.001 -10"><span class='ocrx_word' id='word_1_457' title='bbox 984 1900 994 1915; x_wconf 87' lang='lat'>‘</span> <span class='ocrx_word' id='word_1_458' title='bbox 1007 1898 1203 1932; x_wconf 76' lang='lat' dir='ltr'>Incitatus,’</span> <span class='ocrx_word' id='word_1_459' title='bbox 1223 1899 1302 1928; x_wconf 88' lang='lat' dir='ltr'>hinc</span> <span class='ocrx_word' id='word_1_460' title='bbox 1317 1899 1328 1915; x_wconf 90' lang='lat'>‘</span> <span class='ocrx_word' id='word_1_461' title='bbox 1338 1896 1513 1938; x_wconf 86' lang='lat' dir='ltr'>Aquilon‚&#39;</span> <span class='ocrx_word' id='word_1_462' title='bbox 1528 1903 1565 1929; x_wconf 90' lang='lat' dir='ltr'>et</span> <span class='ocrx_word' id='word_1_463' title='bbox 1579 1897 1590 1915; x_wconf 85' lang='lat'>‘</span> <span class='ocrx_word' id='word_1_464' title='bbox 1602 1897 1686 1929; x_wconf 85' lang='lat' dir='ltr'>Hir-</span> 
     </span>
     <span class='ocr_line' id='line_1_85' title="bbox 985 1945 1686 1988; baseline 0.001 -10"><span class='ocrx_word' id='word_1_465' title='bbox 985 1945 1110 1987; x_wconf 85' lang='lat' dir='ltr'>pinus,&#39;</span> <span class='ocrx_word' id='word_1_466' title='bbox 1124 1946 1251 1977; x_wconf 87' lang='lat' dir='ltr'>nobilia</span> <span class='ocrx_word' id='word_1_467' title='bbox 1261 1955 1422 1986; x_wconf 86' lang='lat' dir='ltr'>equorum</span> <span class='ocrx_word' id='word_1_468' title='bbox 1434 1946 1587 1986; x_wconf 67' lang='lat' dir='ltr'>nominag</span> <span class='ocrx_word' id='word_1_469' title='bbox 1601 1956 1686 1988; x_wconf 86' lang='lat' dir='ltr'>qno·</span> 
     </span>
     <span class='ocr_line' id='line_1_86' title="bbox 985 1995 1683 2036; baseline -0.001 -8"><span class='ocrx_word' id='word_1_470' title='bbox 985 2005 1059 2028; x_wconf 87' lang='lat' dir='ltr'>rum</span> <span class='ocrx_word' id='word_1_471' title='bbox 1074 1996 1177 2027; x_wconf 83' lang='lat' dir='ltr'>etiam</span> <span class='ocrx_word' id='word_1_472' title='bbox 1193 1996 1314 2036; x_wconf 81' lang='lat' dir='ltr'>palmae</span> <span class='ocrx_word' id='word_1_473' title='bbox 1329 1995 1363 2026; x_wconf 92' lang='lat' dir='ltr'>in</span> <span class='ocrx_word' id='word_1_474' title='bbox 1380 1995 1524 2028; x_wconf 85' lang='lat' dir='ltr'>vetustis</span> <span class='ocrx_word' id='word_1_475' title='bbox 1539 2004 1683 2027; x_wconf 79' lang='lat' dir='ltr'>marmo-</span> 
     </span>
     <span class='ocr_line' id='line_1_87' title="bbox 983 2045 1681 2086; baseline -0.001 -9"><span class='ocrx_word' id='word_1_476' title='bbox 983 2046 1076 2077; x_wconf 88' lang='lat' dir='ltr'>ribus</span> <span class='ocrx_word' id='word_1_477' title='bbox 1091 2050 1345 2077; x_wconf 87' lang='lat' dir='ltr'>enumerantur.</span> <span class='ocrx_word' id='word_1_478' title='bbox 1389 2045 1486 2076; x_wconf 84' lang='lat' dir='ltr'>Bene</span> <span class='ocrx_word' id='word_1_479' title='bbox 1501 2045 1606 2086; x_wconf 83' lang='lat' dir='ltr'>igitur</span> <span class='ocrx_word' id='word_1_480' title='bbox 1620 2053 1681 2077; x_wconf 83' lang='lat' dir='ltr'>ex-</span> 
     </span>
     <span class='ocr_line' id='line_1_88' title="bbox 982 2095 1680 2138; baseline 0 -10"><span class='ocrx_word' id='word_1_481' title='bbox 982 2097 1096 2138; x_wconf 85' lang='lat' dir='ltr'>emplo</span> <span class='ocrx_word' id='word_1_482' title='bbox 1126 2095 1281 2137; x_wconf 86' lang='lat' dir='ltr'>generosi</span> <span class='ocrx_word' id='word_1_483' title='bbox 1308 2096 1401 2137; x_wconf 86' lang='lat' dir='ltr'>eqni,</span> <span class='ocrx_word' id='word_1_484' title='bbox 1430 2099 1469 2127; x_wconf 93' lang='lat' dir='ltr'>ut</span> <span class='ocrx_word' id='word_1_485' title='bbox 1497 2105 1517 2126; x_wconf 86' lang='lat' dir='ltr'>a</span> <span class='ocrx_word' id='word_1_486' title='bbox 1535 2096 1680 2136; x_wconf 84' lang='lat' dir='ltr'>juvenili</span> 
     </span>
     <span class='ocr_line' id='line_1_89' title="bbox 981 2145 1679 2186; baseline -0.003 -8"><span class='ocrx_word' id='word_1_487' title='bbox 981 2146 1103 2178; x_wconf 85' lang='lat' dir='ltr'>amoris</span> <span class='ocrx_word' id='word_1_488' title='bbox 1117 2145 1231 2177; x_wconf 87' lang='lat' dir='ltr'>studio</span> <span class='ocrx_word' id='word_1_489' title='bbox 1245 2150 1378 2177; x_wconf 87' lang='lat' dir='ltr'>mature</span> <span class='ocrx_word' id='word_1_490' title='bbox 1386 2145 1552 2186; x_wconf 77' lang='lat' dir='ltr'>quiescat.</span> <span class='ocrx_word' id='word_1_491' title='bbox 1563 2155 1679 2177; x_wconf 88' lang='lat' dir='ltr'>mone·</span> 
     </span>
     <span class='ocr_line' id='line_1_90' title="bbox 981 2195 1678 2235; baseline 0 -7"><span class='ocrx_word' id='word_1_492' title='bbox 981 2202 1038 2228; x_wconf 90' lang='lat' dir='ltr'>tur</span> <span class='ocrx_word' id='word_1_493' title='bbox 1063 2196 1243 2235; x_wconf 83' lang='lat' dir='ltr'>Horatius,</span> <span class='ocrx_word' id='word_1_494' title='bbox 1266 2205 1309 2226; x_wconf 90' lang='lat' dir='ltr'>ne</span> <span class='ocrx_word' id='word_1_495' title='bbox 1336 2195 1512 2235; x_wconf 81' lang='lat' dir='ltr'>peccando</span> <span class='ocrx_word' id='word_1_496' title='bbox 1540 2195 1678 2228; x_wconf 88' lang='lat' dir='ltr'>tandem</span> 
     </span>
     <span class='ocr_line' id='line_1_91' title="bbox 980 2246 1678 2287; baseline -0.001 -9"><span class='ocrx_word' id='word_1_497' title='bbox 980 2248 1140 2279; x_wconf 84' lang='lat' dir='ltr'>rideatur.</span> <span class='ocrx_word' id='word_1_498' title='bbox 1165 2246 1310 2278; x_wconf 75' lang='lat' dir='ltr'>Tor-rent.</span> <span class='ocrx_word' id='word_1_499' title='bbox 1354 2246 1446 2278; x_wconf 74' lang='lat' dir='ltr'>Solve</span> <span class='ocrx_word' id='word_1_500' title='bbox 1458 2246 1678 2287; x_wconf 70' lang='lat' dir='ltr'>senescentem]</span> 
     </span>
     <span class='ocr_line' id='line_1_92' title="bbox 978 2297 1676 2339; baseline 0 -10"><span class='ocrx_word' id='word_1_501' title='bbox 978 2298 1127 2339; x_wconf 78' lang='lat' dir='ltr'>Sejunge</span> <span class='ocrx_word' id='word_1_502' title='bbox 1138 2306 1260 2339; x_wconf 91' lang='lat' dir='ltr'>equum</span> <span class='ocrx_word' id='word_1_503' title='bbox 1273 2306 1293 2328; x_wconf 91' lang='lat' dir='ltr'>a</span> <span class='ocrx_word' id='word_1_504' title='bbox 1305 2305 1419 2328; x_wconf 89' lang='lat' dir='ltr'>curru.</span> <span class='ocrx_word' id='word_1_505' title='bbox 1442 2297 1586 2338; x_wconf 71' lang='lat' dir='ltr'>Mature]</span> <span class='ocrx_word' id='word_1_506' title='bbox 1603 2297 1676 2338; x_wconf 87' lang='lat' dir='ltr'>Op-</span> 
     </span>
     <span class='ocr_line' id='line_1_93' title="bbox 977 2353 1135 2389; baseline 0.006 -10"><span class='ocrx_word' id='word_1_507' title='bbox 977 2353 1135 2389; x_wconf 72' lang='lat' dir='ltr'>poi-tune.</span> 
     </span>
    </p>

    <p class='ocr_par' dir='ltr' id='par_1_12' title="bbox 977 2398 1675 2540">
     <span class='ocr_line' id='line_1_94' title="bbox 1020 2398 1674 2440; baseline -0.002 -10"><span class='ocrx_word' id='word_1_508' title='bbox 1020 2401 1041 2430; x_wconf 88' lang='grc'><strong>9</strong></span> <span class='ocrx_word' id='word_1_509' title='bbox 1063 2398 1116 2430; x_wconf 72' lang='lat' dir='ltr'>Aa</span> <span class='ocrx_word' id='word_1_510' title='bbox 1130 2402 1302 2431; x_wconf 75' lang='lat' dir='ltr'>extremum</span> <span class='ocrx_word' id='word_1_511' title='bbox 1316 2398 1478 2440; x_wconf 72' lang='lat' dir='ltr'>ridendus]</span> <span class='ocrx_word' id='word_1_512' title='bbox 1499 2398 1674 2431; x_wconf 81' lang='lat' dir='ltr'>Ridendus</span> 
     </span>
     <span class='ocr_line' id='line_1_95' title="bbox 977 2447 1675 2481; baseline 0.001 -2"><span class='ocrx_word' id='word_1_513' title='bbox 977 2447 1042 2480; x_wconf 87' lang='lat' dir='ltr'>sub</span> <span class='ocrx_word' id='word_1_514' title='bbox 1057 2447 1157 2479; x_wconf 86' lang='lat' dir='ltr'>finem</span> <span class='ocrx_word' id='word_1_515' title='bbox 1175 2449 1300 2480; x_wconf 85' lang='lat' dir='ltr'>curulis</span> <span class='ocrx_word' id='word_1_516' title='bbox 1315 2449 1520 2481; x_wconf 79' lang='lat' dir='ltr'>certaminis.</span> <span class='ocrx_word' id='word_1_517' title='bbox 1556 2449 1602 2480; x_wconf 75' lang='lat' dir='ltr'>Et</span> <span class='ocrx_word' id='word_1_518' title='bbox 1617 2448 1675 2480; x_wconf 76' lang='lat' dir='ltr'>ilia</span> 
     </span>
     <span class='ocr_line' id='line_1_96' title="bbox 977 2498 1673 2540; baseline 0 -10"><span class='ocrx_word' id='word_1_519' title='bbox 977 2499 1087 2540; x_wconf 78' lang='lat' dir='ltr'>ducat]</span> <span class='ocrx_word' id='word_1_520' title='bbox 1109 2499 1155 2531; x_wconf 90' lang='lat' dir='ltr'>Et</span> <span class='ocrx_word' id='word_1_521' title='bbox 1171 2499 1311 2540; x_wconf 85' lang='lat' dir='ltr'>spiritus</span> <span class='ocrx_word' id='word_1_522' title='bbox 1334 2498 1536 2531; x_wconf 78' lang='lat' dir='ltr'>difficultate</span> <span class='ocrx_word' id='word_1_523' title='bbox 1558 2508 1600 2530; x_wconf 88' lang='lat' dir='ltr'>ne</span> <span class='ocrx_word' id='word_1_524' title='bbox 1623 2498 1673 2530; x_wconf 88' lang='lat' dir='ltr'>la-</span> 
     </span>
    </p>
   </div>
   <div class='ocr_carea' id='block_1_9' title="bbox 959 2545 1674 2590">
    <p class='ocr_par' dir='ltr' id='par_1_13' title="bbox 959 2545 1674 2590">
     <span class='ocr_line' id='line_1_97' title="bbox 959 2545 1674 2590; baseline 0 -11"><span class='ocrx_word' id='word_1_525' title='bbox 959 2545 962 2549; x_wconf 88' lang='grc'>’</span> <span class='ocrx_word' id='word_1_526' title='bbox 979 2548 1089 2582; x_wconf 87' lang='lat' dir='ltr'>boret.</span> <span class='ocrx_word' id='word_1_527' title='bbox 1125 2549 1189 2581; x_wconf 78' lang='lat' dir='ltr'>Ilia</span> <span class='ocrx_word' id='word_1_528' title='bbox 1202 2549 1311 2589; x_wconf 76' lang='lat' dir='ltr'>ducat]</span> <span class='ocrx_word' id='word_1_529' title='bbox 1327 2550 1337 2567; x_wconf 88' lang='lat'>‘</span> <span class='ocrx_word' id='word_1_530' title='bbox 1350 2549 1416 2580; x_wconf 86' lang='lat' dir='ltr'>Ilia</span> <span class='ocrx_word' id='word_1_531' title='bbox 1431 2547 1674 2590; x_wconf 68' lang='lat' dir='ltr'>appellamur:</span> 
     </span>
    </p>
   </div>
   <div class='ocr_carea' id='block_1_10' title="bbox 977 2599 1671 2840">
    <p class='ocr_par' dir='ltr' id='par_1_14' title="bbox 977 2599 1671 2840">
     <span class='ocr_line' id='line_1_98' title="bbox 977 2599 1671 2644; baseline -0.006 -11"><span class='ocrx_word' id='word_1_532' title='bbox 977 2602 1088 2644; x_wconf 89' lang='lat' dir='ltr'>inquit</span> <span class='ocrx_word' id='word_1_533' title='bbox 1108 2601 1253 2639; x_wconf 87' lang='lat' dir='ltr'>Plinius,</span> <span class='ocrx_word' id='word_1_534' title='bbox 1268 2609 1304 2631; x_wconf 85' lang='lat' dir='ltr'>x.</span> <span class='ocrx_word' id='word_1_535' title='bbox 1319 2603 1372 2632; x_wconf 80' lang='lat'>3⁷.</span> <span class='ocrx_word' id='word_1_536' title='bbox 1395 2599 1405 2616; x_wconf 93' lang='lat'>‘</span> <span class='ocrx_word' id='word_1_537' title='bbox 1417 2599 1508 2630; x_wconf 89' lang='lat' dir='ltr'>inter</span> <span class='ocrx_word' id='word_1_538' title='bbox 1527 2599 1671 2630; x_wconf 79' lang='lat' dir='ltr'>vesicam</span> 
     </span>
     <span class='ocr_line' id='line_1_99' title="bbox 978 2648 1670 2690; baseline -0.009 -6"><span class='ocrx_word' id='word_1_539' title='bbox 978 2657 1013 2684; x_wconf 88' lang='lat' dir='ltr'>et</span> <span class='ocrx_word' id='word_1_540' title='bbox 1036 2653 1147 2683; x_wconf 88' lang='lat' dir='ltr'>alvum</span> <span class='ocrx_word' id='word_1_541' title='bbox 1165 2651 1299 2682; x_wconf 81' lang='lat' dir='ltr'>arteriae</span> <span class='ocrx_word' id='word_1_542' title='bbox 1323 2649 1366 2681; x_wconf 86' lang='lat' dir='ltr'>ad</span> <span class='ocrx_word' id='word_1_543' title='bbox 1391 2649 1513 2690; x_wconf 80' lang='lat' dir='ltr'>pubem</span> <span class='ocrx_word' id='word_1_544' title='bbox 1529 2648 1670 2679; x_wconf 83' lang='lat' dir='ltr'>tenden-</span> 
     </span>
     <span class='ocr_line' id='line_1_100' title="bbox 978 2697 1671 2740; baseline -0.009 -7"><span class='ocrx_word' id='word_1_545' title='bbox 978 2707 1029 2733; x_wconf 90' lang='lat' dir='ltr'>tes</span> <span class='ocrx_word' id='word_1_546' title='bbox 1043 2701 1064 2732; x_wconf 84' lang='lat'>:&#39;</span> <span class='ocrx_word' id='word_1_547' title='bbox 1099 2709 1164 2732; x_wconf 92' lang='lat' dir='ltr'>nec</span> <span class='ocrx_word' id='word_1_548' title='bbox 1188 2700 1288 2731; x_wconf 87' lang='lat' dir='ltr'>aliter</span> <span class='ocrx_word' id='word_1_549' title='bbox 1319 2699 1453 2740; x_wconf 84' lang='lat' dir='ltr'>Celsus,</span> <span class='ocrx_word' id='word_1_550' title='bbox 1480 2698 1556 2730; x_wconf 79' lang='lat' dir='ltr'>euin</span> <span class='ocrx_word' id='word_1_551' title='bbox 1580 2697 1671 2728; x_wconf 84' lang='lat' dir='ltr'>inter</span> 
     </span>
     <span class='ocr_line' id='line_1_101' title="bbox 977 2747 1670 2792; baseline -0.009 -8"><span class='ocrx_word' id='word_1_552' title='bbox 977 2761 1081 2784; x_wconf 86' lang='lat' dir='ltr'>coxas</span> <span class='ocrx_word' id='word_1_553' title='bbox 1094 2757 1130 2783; x_wconf 91' lang='lat' dir='ltr'>et</span> <span class='ocrx_word' id='word_1_554' title='bbox 1146 2750 1269 2792; x_wconf 88' lang='lat' dir='ltr'>pubem</span> <span class='ocrx_word' id='word_1_555' title='bbox 1286 2750 1319 2781; x_wconf 91' lang='lat' dir='ltr'>in</span> <span class='ocrx_word' id='word_1_556' title='bbox 1341 2749 1409 2781; x_wconf 90' lang='lat' dir='ltr'>imo</span> <span class='ocrx_word' id='word_1_557' title='bbox 1425 2753 1542 2780; x_wconf 80' lang='lat' dir='ltr'>ventre</span> <span class='ocrx_word' id='word_1_558' title='bbox 1560 2747 1670 2788; x_wconf 81' lang='lat' dir='ltr'>posita</span> 
     </span>
     <span class='ocr_line' id='line_1_102' title="bbox 977 2797 1670 2840; baseline -0.007 -5"><span class='ocrx_word' id='word_1_559' title='bbox 977 2811 1053 2835; x_wconf 86' lang='lat' dir='ltr'>esse</span> <span class='ocrx_word' id='word_1_560' title='bbox 1069 2802 1128 2835; x_wconf 83' lang='lat' dir='ltr'>ait.</span> <span class='ocrx_word' id='word_1_561' title='bbox 1174 2799 1240 2833; x_wconf 82' lang='lat' dir='ltr'>Hae</span> <span class='ocrx_word' id='word_1_562' title='bbox 1258 2809 1340 2833; x_wconf 84' lang='lat' dir='ltr'>vero</span> <span class='ocrx_word' id='word_1_563' title='bbox 1359 2798 1492 2832; x_wconf 80' lang='lat' dir='ltr'>arteriae</span> <span class='ocrx_word' id='word_1_564' title='bbox 1508 2797 1670 2840; x_wconf 85' lang='lat' dir='ltr'>suspirio·</span> 
     </span>
    </p>
   </div>
  </div>
 </body>
</html>
