1858 3184
243 191 356 236 1942
664 204 922 237 Raansus
959 205 1242 237 ΕοιτιοΝυΜ

249 304 367 344 Haud
387 311 516 344 tamen
538 304 664 344 editor
683 318 754 344 suo
775 305 988 355 consuluit,
1008 319 1096 345 cum
1109 306 1150 345 id
1174 305 1291 344 hodie
1311 305 1544 357 ambigatur.
1559 303 1685 345 Mich.

243 370 462 409 Maittarius
494 370 641 418 (annal.
663 376 827 423 typogr.
860 370 906 408 T.
932 384 963 409 1.
986 384 1023 422 p.
1041 371 1134 410 292.
1154 370 1219 409 ed.
1243 370 1314 419 ιι.)
1340 382 1391 408 ex
1423 368 1687 421 typographia

240 435 334 474 Ant.
357 435 485 474 Zaroti
500 434 739 480 Parmensis,
771 435 837 485 qui
871 434 1086 472 Mediolani
1107 446 1210 472 anno
1244 433 1397 472 circiter
1420 434 1535 493 1470.
1572 445 1689 471 excu-

239 499 331 538 dere
353 500 471 552 coepit
488 499 623 545 libros,
654 497 847 550 prodiisse
866 498 1037 549 conjicit,
1071 498 1122 536 ob
1155 505 1271 550 typos
1292 497 1436 536 similes
1465 487 1526 544 iis,
1546 497 1698 547 quibus,

239 570 332 615 post
359 565 521 602 Zarotus
541 575 636 601 usus
654 569 727 609 est,
749 563 927 613 quamvis
947 562 1084 600 iisdem
1104 561 1279 600 rudiores
1306 562 1515 613 minusque
1543 560 1689 599 cultos.

241 629 343 666 Sunt
363 640 453 666 vero
491 627 623 675 etiam,
649 625 757 678 quod
788 626 828 663 J.
850 625 907 663 Μ.
929 625 1130 664 Gesnerus
1161 627 1199 664 in
1223 627 1332 677 praef.
1355 625 1506 664 Horatii
1535 624 1597 663 sui
1615 624 1688 662 ob-

240 699 381 739 servat,
412 691 521 743 ‘ejus
550 691 700 737 formae,
720 703 837 741 quam
868 690 1082 728 Jensonius
1113 690 1306 737 adhibuit,
1324 689 1393 728 sed
1424 689 1541 740 paulo
1561 689 1689 727 minus

241 755 373 803 cultae,
392 763 432 795 et
463 755 761 806 incompositae:
793 761 836 791 ut
865 762 1067 806 appareat,
1106 767 1234 805 neque
1266 754 1449 793 matrices
1480 753 1603 791 fuisse
1634 752 1691 790 ita

239 821 447 873 perfectas,
467 826 511 858 ut
529 820 636 857 fuere
655 819 924 864 Jensonianae,
947 831 1075 869 neque
1094 818 1149 856 ita
1169 824 1393 856 accuratam
1412 829 1594 855 versuum
1627 815 1690 853 di·

241 884 487 937 rigendorum
507 883 726 923 rationem!
781 882 999 930 Gesnerus‚
1012 883 1077 934 qui
1091 895 1178 922 eam
1197 882 1378 928 contulit,
1398 882 1454 920 sic
1468 880 1688 919 describere

239 949 390 1000 pergit:
419 954 430 970 ‘
445 948 565 986 Porro
585 947 708 986 literae
727 947 848 985 nullae
867 946 1051 992 initiales,
1073 960 1178 999 saepe
1198 947 1217 984 s
1230 947 1393 997 longum
1422 946 1463 983 in
1481 945 1560 983 fine
1579 943 1688 982 vocis

239 1013 425 1065 positum,
445 1015 522 1050 ὅτε.
578 1011 774 1049 Volumen
813 1016 971 1048 constat
1009 1010 1363 1061 quinternionibus,
1393 1010 1421 1048 i.
1440 1022 1476 1048 e.
1518 1009 1692 1060 quinque

239 1077 412 1128 plagulis
428 1074 726 1125 (semiplagulas
738 1073 918 1124 vulgares
934 1074 1202 1123 aequantibus)
1221 1072 1448 1125 duplicatis,
1459 1078 1505 1110 ut
1517 1071 1693 1110 oriantur

244 1140 436 1179 denorum
455 1139 635 1177 foliorum
654 1136 789 1184 libelli,
807 1137 864 1174 ita
877 1137 1033 1175 consuti
1053 1136 1210 1182 deinde,
1231 1143 1275 1175 ut
1301 1137 1342 1174 in
1359 1135 1500 1174 mediae
1517 1133 1694 1187 plag-ulae

243 1203 355 1242 sulco
389 1203 637 1254 agglutinata
657 1200 708 1240 sit
728 1201 856 1240 tenuis
884 1201 996 1252 virga
1023 1201 1337 1247 membranacea,
1372 1213 1462 1251 quae
1482 1199 1549 1238 fila
1566 1199 1695 1238 conti·

243 1273 348 1312 neat,
368 1274 408 1305 et
427 1267 648 1304 firmitatem
668 1271 830 1317 praestet
848 1265 991 1304 codici.
1048 1264 1160 1303 Folia
1187 1264 1275 1315 ipsa
1293 1276 1372 1302 non
1393 1264 1550 1315 signata
1567 1275 1694 1314 neque

242 1330 365 1369 literis
392 1343 520 1380 neque
541 1329 727 1375 numeris,
757 1328 944 1367 custodes
980 1328 1090 1375 nulli,
1122 1328 1272 1366 nullum
1311 1327 1532 1378 registrum,
1570 1327 1693 1365 literae

216 1439 223 1446 ⁷
243 1407 349 1445 saepe
385 1393 635 1444 transpositae
652 1406 662 1436 ;
691 1392 858 1430 infantia
877 1391 1047 1443 denique
1085 1392 1194 1438 artis,
1227 1398 1268 1429 et
1304 1403 1508 1442 operarum
1544 1389 1693 1429 ruditas

243 1457 419 1509 undique
454 1463 630 1508 apparet.
687 1456 813 1495 Voces
831 1455 894 1494 vel
928 1455 1099 1503 omissae,
1122 1456 1183 1494 vel
1213 1468 1302 1493 cum
1333 1455 1454 1506 ipsius
1474 1454 1586 1494 metri
1606 1467 1694 1506 per—

243 1522 345 1561 nicie
363 1527 610 1574 permutatae,
642 1519 759 1559 fidem
780 1519 942 1566 faciunt,
963 1532 1042 1558 non
1072 1519 1275 1570 praefuisse
1306 1518 1470 1558 editioni
1498 1530 1694 1570 gramma-

243 1586 381 1632 ticum,
400 1584 472 1623 sed
503 1584 731 1635 simpliciter
760 1584 983 1636 exemplum
1015 1597 1148 1631 suum,
1174 1583 1200 1621 i.
1220 1597 1258 1622 e.
1277 1583 1465 1635 scriptum
1499 1581 1698 1628 codicem,

244 1655 403 1689 secutos
418 1661 506 1687 esse
525 1647 808 1701 typographos.
853 1647 967 1685 Unde
986 1647 1086 1686 illud
1105 1647 1373 1699 consequitur,
1392 1655 1450 1694 ut,
1469 1659 1559 1698 quae
1577 1646 1695 1684 bonae

245 1719 338 1753 sunt
356 1712 562 1759 lectiones,
582 1724 650 1751 eas
670 1712 720 1750 ab
739 1711 903 1763 antiquo
931 1710 1083 1758 codice,
1102 1723 1182 1749 non
1203 1712 1252 1749 ab
1284 1710 1442 1762 ingenio
1461 1708 1693 1750 correctoris

244 1791 347 1826 esse,
366 1775 662 1829 intelligamus!
717 1776 924 1815 Hactenus
945 1774 1166 1814 Gesnerus.
1532 1819 1536 1822 p

302 1843 405 1880 1470
435 1841 645 1880 Sermones
661 1840 801 1888 Oratii,
817 1853 852 1880 ε.
872 1839 901 1880 l.
921 1839 990 1879 fol.
1007 1838 1234 1878 charactere
1253 1837 1449 1884 Gothico;
1478 1836 1559 1878 vid.
1578 1836 1700 1876 Mait-

245 1912 319 1944 tar.
340 1905 388 1944 T.
412 1917 445 1943 1.
464 1917 504 1955 p.
527 1905 622 1942 296.

303 1969 410 2007 1474
438 1967 751 2008 Mediolanensis
782 1982 814 2007 1.
861 1967 1001 2006 Zaroti.
1037 1966 1251 2006 Horatius:
1279 1977 1349 2016 per
1378 1965 1592 2003 Antonium
1624 1964 1701 2003 Za-

246 2038 374 2071 rotum
431 2032 702 2078 Parmensem,
735 2031 803 2069 fol.
863 2030 908 2067 In
941 2032 1046 2069 fine:
1094 2031 1211 2068 Anno
1250 2041 1274 2067 a
1309 2027 1432 2067 natali
1471 2027 1698 2067 Christiano

250 2108 558 2135 mccccmrxw.
576 2095 640 2134 die
661 2107 757 2133 xv1.
787 2095 920 2132 Martii
937 2093 1130 2132 Antonius
1144 2093 1306 2131 Zarotus
1318 2091 1544 2130 Parmensis
1557 2099 1701 2130 cuncta

247 2172 368 2212 opera
398 2160 448 2204 Q.
465 2159 620 2198 Horatii
654 2158 788 2198 Flacci
806 2157 998 2196 Venusini
1031 2169 1110 2196 non
1144 2155 1396 2207 indiligenter
1415 2155 1699 2195 emendata—

248 2223 450 2276 eleganter
469 2230 588 2275 atque
605 2222 773 2262 fideliter
792 2221 1006 2274 impressit.
1051 2219 1240 2272 Quisquis
1258 2219 1346 2258 haec
1378 2219 1577 2268 coemerit,
1597 2233 1702 2258 nun-

249 2300 367 2339 quam
402 2286 793 2339 poenitebit.—Conf.
833 2286 965 2324 Maitt.
1003 2285 1115 2324 Tom.
1138 2297 1170 2324 1.
1201 2297 1242 2335 p.
1265 2285 1357 2322 336.
1422 2283 1565 2322 Saxius
1601 2284 1700 2323 bist.

249 2358 407 2404 typogr.
427 2350 592 2390 Mediol.
609 2364 699 2390 cum
719 2349 896 2402 Argelati
916 2349 1069 2401 scriptt.
1092 2347 1255 2387 Mediol.
1275 2348 1322 2386 T.
1344 2361 1375 2387 1.
1395 2360 1434 2399 p.
1456 2349 1550 2388 561.

307 2438 362 2444 —
389 2407 701 2455 Mediolanensis
723 2427 776 2454 11.
805 2413 1007 2460 Horatius,
1026 2426 1115 2452 curn
1134 2412 1411 2451 commentario
1430 2411 1610 2459 Acronis,
1629 2411 1703 2452 fol.

256 2481 302 2518 In
321 2480 397 2519 fine
417 2493 427 2518 :
467 2479 633 2519 Acronis
660 2479 730 2518 viri
748 2491 866 2530 quam
891 2477 1110 2517 doctissimi
1141 2475 1439 2523 commentaria,
1473 2487 1592 2528 quam
1612 2473 1704 2514 dili-

255 2550 394 2594 genter
430 2543 654 2592 emendata,
681 2543 721 2582 in
758 2543 809 2588 Q.
829 2541 926 2582 Hor.
958 2542 1005 2581 F.
1026 2541 1171 2594 Opera,
1208 2553 1278 2594 per
1316 2541 1464 2579 Anton.
1503 2539 1702 2587 Zarotum‚

255 2605 472 2645 Mediolani
491 2608 683 2660 impressa
717 2606 853 2646 Idibus
890 2604 1215 2645 Sextilis.—Vid.
1249 2604 1339 2643 Jac.
1374 2601 1552 2655 Douglas
1569 2603 1715 2660 pontid..

254 2667 349 2708 edd.
373 2669 510 2711 Horat.
532 2672 581 2710 ab
601 2685 667 2711 an.
692 2672 808 2715 1476.
827 2683 954 2722 usque
972 2670 1023 2710 ad
1045 2669 1161 2710 1739.
1182 2667 1326 2721 (Lond.
1350 2667 1486 2717 1739.)
1500 2675 1541 2707 et
1559 2666 1652 2707 Sax.
1671 2667 1701 2705 1.

257 2745 293 2772 c.
308 2746 348 2786 p.
365 2734 457 2771 561.
1588 2731 1591 2733 ’
