1858 3184
238 234 349 277 1802

235 339 245 357 ‘
263 340 393 372 Nemus
423 339 514 372 iutra
538 341 656 382 pulcra
684 341 796 374 situm⁴
818 341 936 374 tecta?

242 390 355 422 Varias
381 400 515 433 quoque
543 392 698 423 columnas
731 401 807 423 curn
841 391 937 431 dicit,

236 450 336 473 nemo
362 441 509 483 dubitet,
537 441 619 483 quin
642 442 863 474 versicolores
886 442 935 472 in-

235 491 430 532 telligendae
445 492 525 531 sint,
536 492 652 533 quales
665 492 842 532 Plirygiae:
859 501 935 523 nam

234 541 352 573 Parius
364 542 455 573 nullo
470 551 629 583 umquam
646 543 680 573 in
697 542 817 574 codice
827 541 934 582 scrip-

236 597 308 623 tum
338 592 489 632 repperi,
519 597 556 623 et
586 592 742 624 Lambini
770 592 934 623 somnium

233 646 298 673 est.
315 642 458 673 Torrent-
486 642 667 683 Columnas]
691 642 788 673 Inter
807 643 934 674 colum-

234 700 295 722 nas
312 700 356 722 ex
373 700 539 723 marmore
558 691 753 723 versicolori
770 690 892 723 factas.

277 744 319 774 24
342 742 502 774 Naturam
529 743 666 784 expellas
689 743 802 785 furca]
842 743 934 775 Octo

231 791 310 824 libri
325 793 410 824 miro
426 802 593 824 consensu
609 794 742 834 expelles
755 803 814 833 pro
830 793 933 833 expel-

231 843 291 874 las.
318 842 444 874 Sensus
460 847 514 875 est
528 853 536 874 z
557 842 658 874 Haud
675 843 776 875 facile
792 842 933 878 dedisci,

230 902 310 934 quae
334 893 430 925 nobis
447 898 570 925 natura
587 894 721 934 penitus
736 892 862 925 indidit
882 898 933 925 at-

232 952 299 984 que
314 943 452 976 insevit.
496 945 506 961 ‘
516 944 625 975 Furca
640 943 649 957 ’
664 948 778 975 autem
793 948 803 962 ‘
816 943 934 983 expel-

231 992 327 1029 lere,'
341 1002 402 1034 pro
420 993 452 1025 vi
466 994 614 1025 maxima
635 994 776 1035 ejicere,
797 1003 817 1025 a
832 993 934 1025 rusti-

231 1051 362 1083 corum,
393 1047 431 1075 ut
456 1049 553 1085 puto,
583 1049 756 1075 armatura
785 1048 934 1075 sumtum

234 1097 302 1133 est,
317 1102 394 1125 cum
409 1092 515 1126 furcis
530 1094 597 1125 illis
613 1092 733 1125 ferreis
747 1092 848 1135 (quas
861 1095 871 1111 ‘
883 1093 934 1125 bi·

233 1151 354 1174 cornes
368 1142 388 1157 ’⁴
402 1147 503 1175 vocat
514 1144 613 1184 Virg.
630 1144 716 1174 varii
728 1144 762 1174 in
779 1153 815 1175 re
832 1144 934 1175 rusti-

232 1202 274 1223 ca
288 1191 383 1234 usus)
397 1193 532 1234 armati,
544 1203 580 1224 se
594 1192 796 1225 defendunt.
827 1193 935 1224 Plura

231 1243 411 1275 Turnebus
427 1253 510 1276 xm.
525 1246 557 1275 3.
584 1244 730 1276 Torreat.
776 1244 935 1275 Naturam

231 1296 367 1336 expellas
381 1295 496 1335 furca]
519 1296 604 1327 Cum
630 1301 785 1327 naturam
809 1295 859 1326 uti
883 1295 933 1335 ig-

230 1346 453 1377 nominiosam
478 1345 605 1386 ejicias.
656 1346 759 1386 Usque
780 1344 933 1385 recurret]

233 1396 390 1437 Semper.

212 1479 214 1481 ,
274 1450 315 1479 25
340 1447 387 1478 Et
415 1447 499 1478 mala
520 1445 715 1488 perrumpet]
738 1446 785 1478 Et
811 1448 934 1476 natura

230 1497 382 1538 vincens,
393 1507 455 1539 per
467 1498 640 1530 contraria
654 1497 720 1529 sibi
732 1495 846 1528 studia
862 1493 933 1526 fur-

231 1549 293 1581 tim
306 1553 477 1590 erumpet.
523 1548 686 1589 Fastidio]
704 1548 772 1579 Res
783 1555 865 1578 sane
873 1545 933 1577 mi·

231 1599 351 1640 randa,
375 1599 409 1630 in
432 1598 587 1630 omnibus
603 1603 759 1640 expertae
775 1596 857 1628 fidei
873 1605 932 1627 ex·

230 1650 436 1690 emplaribus
453 1651 523 1692 legi
532 1650 674 1691 fastigia
682 1659 696 1687 ;
710 1647 771 1680 sed
785 1646 858 1679 fere
874 1646 933 1678 ad-

230 1700 346 1740 scribi,
361 1706 398 1732 et
412 1702 551 1743 quidem
565 1710 659 1743 saepe
675 1699 796 1732 eadem
820 1707 933 1738 manu,

219 1749 367 1787 fastidia.
429 1750 541 1792 quue
573 1749 759 1782 Lambinus
796 1747 933 1779 silentio

231 1800 393 1832 transiit:
417 1800 508 1840 ideo,
537 1800 655 1840 credo,
683 1798 775 1841 quod
794 1797 934 1837 fastidia

231 1851 260 1882 si
282 1851 420 1892 legeris,
432 1851 536 1890 plana
558 1856 595 1882 et
618 1856 741 1890 aperta
757 1849 933 1880 sententia

228 1905 307 1938 est;
337 1898 547 1931 fastidiosam
586 1899 730 1929 divitum
764 1898 930 1928 luxuriam

228 1950 321 1982 nulla
344 1953 420 1981 arte
450 1947 588 1981 efficere
623 1956 736 1988 posse,
773 1951 812 1977 ut
832 1950 930 1976 natu-

228 2009 301 2031 ram
315 2003 474 2041 superet:
497 1999 549 2029 sin
565 1997 676 2036 aliter,
691 1996 748 2028 vix
771 1999 931 2027 occurret

229 2060 297 2093 quo
314 2055 349 2083 te
364 2049 542 2092 expedias.
568 2048 711 2080 Memini
727 2056 782 2078 me
797 2047 832 2078 in
847 2047 929 2077 Sue-

227 2101 313 2133 tonii
343 2101 514 2133 Caesarem
552 2104 734 2130 annotasse
770 2105 813 2127 ex
849 2097 929 2128 Plu·

228 2150 361 2191 tarcho,
377 2160 444 2192 quo
460 2151 535 2182 loco
552 2148 747 2190 Calpurniae
764 2148 929 2179 somnium

227 2205 357 2237 narrat.
374 2202 481 2231 visum
497 2199 561 2231 sibi
582 2198 707 2230 collabi
731 2202 740 2215 ⁸
753 2197 928 2237 fastigium

226 2249 372 2290 domus,'
396 2259 463 2282 non
490 2248 626 2281 aedificii
641 2248 871 2280 summitatem
887 2257 928 2278 eo

227 2302 276 2334 ibi
305 2301 470 2333 vocabulo
500 2298 713 2341 siguificari3
748 2298 808 2330 sed
838 2297 929 2340 quod

227 2351 371 2384 Graecus
386 2351 537 2390 scriptor
551 2347 732 2390 ἀκροτήριον
747 2353 859 2383 vocat,
875 2357 928 2379 or-

225 2407 325 2434 natus
363 2400 621 2443 majestatisque
649 2409 752 2431 causa
782 2398 928 2430 Caesaris

226 2451 417 2492 impositum
434 2449 546 2482 domo.
589 2448 683 2482 Quid
709 2457 788 2488 ergo
814 2448 842 2478 si
865 2447 928 2479 hoc

227 2503 355 2533 sentire
368 2502 519 2534 dicamus
535 2499 717 2532 Horatium
733 2499 744 2530 ?
759 2501 927 2537 naturam,

227 2551 543 2594 quomodocumque
566 2561 587 2583 a
610 2549 742 2582 foribus
759 2551 927 2587 arceatur,

226 2606 343 2633 tamen
370 2609 566 2640 recurrere3
600 2605 636 2633 et
665 2601 732 2636 vel,
759 2602 926 2641 perrupto

225 2650 375 2691 fastigio,
388 2650 450 2681 hoc
461 2656 526 2689 est,
538 2655 713 2683 contemta
725 2649 844 2692 quavis
853 2649 927 2690 dig·

227 2701 336 2734 nitate
360 2710 399 2731 ac
422 2700 532 2739 copia,
557 2700 585 2731 si
611 2701 736 2732 non‘vi
767 2704 803 2732 at
831 2702 927 2731 certe

226 2753 315 2784 clam
330 2751 459 2782 aditum
476 2749 681 2791 patefacere.
727 2750 828 2785 Quod
847 2759 927 2782 vero

229 2799 394 2835 ‘malam'
418 2804 517 2833 vocat
538 2801 741 2843 ‘naturam,’
765 2806 802 2833 ut
826 2801 859 2833 in
891 2810 926 2832 re

702 247 843 280 NOTAE
877 248 1143 281 VAR10RUM
1178 251 1227 281 IN

987 344 1163 383 praesenti,
1193 353 1256 385 pro
1283 339 1476 384 pervicace,
1501 347 1630 388 astuta,
1650 351 1687 380 et

988 392 1113 424 callida
1149 394 1388 434 exponendum
1431 399 1496 426 est.
1544 395 1688 429 Torreat.

988 443 1134 474 Fastidia
1149 445 1281 486 victrix]
1296 444 1400 476 Istam
1418 444 1629 478 fastidiosam
1638 446 1688 478 di-

989 493 1095 524 vitum
1109 494 1286 526 luxuriem.

1029 545 1072 574 26
1096 544 1169 574 Non
1183 544 1237 585 qui
1253 544 1401 587 Sidonio]
1426 547 1483 578 De
1506 545 1539 576 vi
1553 549 1687 579 natnrae
1746 579 1751 584 ,

988 596 1067 623 ante
1092 592 1179 624 dixit
1193 603 1200 624 :
1226 594 1316 635 quod
1333 603 1376 626 ne
1391 596 1466 637 quis
1482 596 1580 637 parvi
1597 597 1691 629 aesti-

986 646 1058 673 met
1067 653 1076 682 ;
1086 643 1212 674 nullum
1226 646 1411 677 mercatori
1425 645 1586 687 imperito
1597 646 1690 678 dam-

986 696 1065 723 nur'n
1089 697 1156 724 tam
1180 703 1282 735 grave
1306 695 1454 727 existere
1476 695 1635 734 affirmat,
1650 704 1690 729 ut

986 751 1052 773 uon
1071 743 1177 774 multo
1193 745 1328 784 gravius
1345 743 1450 785 ferat,
1474 746 1532 787 qui
1558 746 1690 786 ignora-

987 791 1078 823 tione
1102 797 1235 825 naturae
1259 803 1376 826 verum
1407 805 1427 827 a
1456 794 1542 827 falso
1568 796 1689 828 distin-

986 852 1090 883 guere
1106 853 1170 875 non
1183 845 1301 885 possit.
1327 845 1422 877 Nota
1436 845 1525 877 enim
1549 847 1560 863 ‘
1571 846 1688 887 Tyriae

984 901 1145 934 purpurae
1159 892 1168 907 '
1186 895 1500 936 praestantia‚quae,
1518 900 1607 928 teste
1618 896 1689 928 Pli-

983 941 1052 977 nio‚
1082 942 1116 973 in
1140 942 1242 974 libras
1270 943 1327 975 vix
1343 944 1434 976 mille
1450 945 1601 977 denariis
1621 946 1689 977 emi

984 996 1121 1032 poterat
1135 1003 1142 1022 ε
1159 997 1195 1024 at
1205 993 1240 1023 in
1253 992 1355 1024 Italia
1369 994 1474 1026 nullae
1490 994 1689 1033 laudantur,

984 1047 1131 1083 excepta
1146 1041 1236 1074 forte
1251 1043 1260 1061 ‘
1273 1043 1485 1076 Tarentina.’
1513 1045 1567 1076 De
1581 1043 1690 1086 Aqui-

982 1096 1061 1124 nate
1077 1102 1157 1125 sane
1173 1093 1256 1125 nihil
1271 1094 1429 1126 invenio:
1443 1095 1608 1133 ‚viliorem
1620 1120 1623 1121 γ
1633 1104 1691 1126 ce-

982 1142 1065 1173 teris
1095 1141 1200 1174 fuisse
1228 1153 1271 1174 ex
1293 1143 1442 1175 Horatio
1466 1143 1690 1187 manifestum

983 1195 1048 1224 est.
1064 1201 1141 1224 nam
1158 1193 1248 1234 quod
1265 1194 1314 1225 ita
1337 1194 1450 1226 locum
1471 1195 1562 1226 hunc
1585 1195 1692 1227 iuter-

983 1245 1140 1282 pretatur
1154 1242 1352 1282 Lambinus,
1362 1244 1401 1275 ut
1416 1242 1601 1286 Aquinatis
1612 1253 1690 1277 suc·

949 1288 958 1297 ⁶
983 1292 1015 1323 ci
1031 1302 1183 1333 purpura
1198 1302 1276 1324 curn
1292 1294 1394 1334 Tyria
1414 1294 1616 1334 contendat,
1640 1295 1690 1326 ita

983 1347 1022 1373 ut
1037 1351 1178 1383 parvum
1194 1343 1285 1374 inter
1296 1352 1354 1374 eas
1371 1342 1553 1375 discrimen
1568 1343 1687 1383 fuerit,

985 1400 1189 1433 quamquam
1206 1397 1242 1423 et
1257 1391 1352 1424 Acro
1367 1384 1508 1434 Sentiat,
1524 1394 1604 1426 mihi
1619 1404 1688 1427 non

982 1441 1123 1482 perinde
1139 1442 1265 1482 placet.
1310 1442 1449 1474 Similes
1472 1443 1609 1485 quidem
1641 1445 1689 1476 vi-

981 1490 1056 1523 deri
1069 1495 1239 1533 poterant,
1253 1497 1292 1524 ut
1307 1502 1374 1524 non
1399 1493 1597 1534 peritissimi
1613 1495 1688 1536 ejus

983 1542 1066 1574 artis
1086 1541 1188 1574 facile
1211 1542 1468 1584 deciperentur,
1492 1546 1686 1585 praesertim

983 1593 1013 1625 si
1028 1594 1138 1626 altera
1153 1594 1243 1626 citra
1266 1595 1409 1626 alteram
1432 1601 1661 1628 cernerentur
1680 1606 1690 1636 ς

983 1644 1043 1676 sed
1058 1644 1209 1686 ejusdem
1225 1654 1298 1677 esse
1311 1646 1535 1686 praestantiae,
1548 1646 1686 1678 minime

984 1695 1150 1735 gentium,
1185 1700 1367 1738 postquam
1396 1697 1486 1728 tanti
1517 1697 1687 1728 intererat

984 1754 1050 1777 non
1076 1744 1150 1777 falli
1177 1750 1414 1778 mercatorem.
1461 1747 1686 1778 Extrinsecus

983 1795 1088 1836 igitur
1107 1796 1224 1837 specie
1237 1805 1304 1828 non
1320 1796 1687 1833 dissimiles.'intrinse-

984 1854 1026 1876 ca
1050 1844 1203 1877 bonitate
1230 1843 1457 1877 differebant:
1480 1844 1539 1877 ita'
1554 1851 1593 1877 ut
1617 1847 1689 1878 cal-

983 1893 1054 1924 lide
1081 1894 1173 1925 inter
1193 1904 1230 1925 se
1256 1893 1405 1926 conferri
1426 1904 1467 1927 ac
1493 1897 1687 1938 comparari

981 1951 1124 1974 necesse
1140 1946 1244 1981 esset,
1263 1953 1332 1984 quo
1349 1945 1686 1978 internoscerentur:

982 1992 1073 2034 quod
1100 1992 1238 2033 proprie
1261 1997 1316 2024 est
1330 1996 1524 2027 contendere.
1567 1995 1684 2038 Atque

980 2044 1030 2075 ita
1042 2047 1176 2075 veteres
1197 2047 1209 2063 ‘
1221 2045 1431 2077 contendere
1458 2046 1573 2088 aliqua
1593 2047 1687 2080 inter

980 2093 1044 2135 se,'
1057 2098 1095 2126 et
1116 2095 1127 2112 ‘
1141 2093 1351 2126 contendere
1364 2095 1492 2138 aliquid
1510 2096 1636 2138 alicui,’
1650 2103 1687 2130 et

979 2146 989 2163 ‘
999 2155 1074 2177 cum
1088 2145 1228 2188 aliquo‚'
1251 2151 1288 2178 et
1305 2151 1314 2165 ¹
1327 2147 1369 2178 ad
1387 2147 1538 2189 aliquid,'
1552 2148 1685 2183 dixere.

980 2197 1120 2229 Torreat.
1167 2197 1242 2229 Non
1258 2198 1311 2239 qui
1333 2198 1481 2241 Sidonio]
1507 2199 1684 2232 Hactenus

980 2246 1023 2278 ab
1040 2246 1213 2288 adjunctis
1231 2247 1431 2289 commodis,
1453 2249 1581 2281 nullum
1604 2259 1684 2282 rure

979 2288 1091 2329 locrim
1127 2302 1260 2330 naturae
1287 2298 1395 2339 magis
1423 2297 1683 2333 convenientem

980 2357 1055 2379 esse
1078 2348 1290 2380 declaravit:
1314 2358 1404 2381 nunc
1430 2354 1565 2390 contra,
1579 2351 1622 2382 ab
1634 2351 1686 2382 in-

981 2397 1168 2429 commodis
1191 2397 1392 2440 damnisque
1419 2400 1618 2432 certissimis
1634 2402 1685 2433 in-

979 2447 1071 2479 dicat
1108 2447 1240 2487 urbem,
1269 2457 1394 2489 resque
1422 2448 1570 2482 urbanas
1605 2460 1682 2483 esse

978 2502 1110 2528 naturae
1133 2496 1454 2537 pestilentissimas;
1477 2497 1537 2531 ubi
1562 2509 1625 2541 pro
1642 2501 1681 2532 li-

978 2547 1111 2578 bertate
1127 2547 1286 2587 servitus,
1308 2557 1371 2588 pro
1394 2549 1581 2582 securitate
1606 2552 1683 2583 soli·

955 2603 959 2606 ·
978 2596 1112 2634 citud03
1140 2606 1200 2637 pro
1217 2597 1466 2639 tranquillitate
1482 2598 1681 2634 dominatur

978 2646 1203 2688 perturbatio.
1230 2647 1326 2687 Cruq.
1372 2648 1448 2679 Non
1463 2648 1544 2691 qui]
1558 2650 1594 2682 Is
1611 2661 1680 2684 non

977 2697 1127 2738 accipiet
1142 2697 1270 2728 certius
1286 2697 1458 2739 damnum,
1484 2701 1542 2741 qui
1571 2703 1681 2734 nescit

979 2747 1173 2779 discernere
1189 2756 1372 2788 purpuras,
1397 2758 1495 2789 qnam
1520 2751 1591 2792 qui,
1612 2754 1679 2785 &m

975 2798 1108 2832 'Sidonio
1122 2799 1305 2832 contendere
1319 2799 1448 2832 callidus
1467 2802 1566 2843 ostro]
1592 2802 1675 2836 Cum
