1858 3184
451 239 659 272 uoRA‘ru
694 238 1040 270 nrisromaum
1075 238 1169 268 ms.
1201 237 1232 266 1.
1264 226 1331 267 18.

209 335 250 364 37
273 332 429 364 Arcanum
455 332 565 373 neque]
603 331 766 364 Horatius
794 330 855 361 dat

168 382 276 413 Lollio
297 386 486 423 praecepta,
509 381 630 423 quibus
651 380 685 412 in
706 379 855 412 amicitia

165 436 203 462 et
219 431 288 462 vita
303 431 470 463 communi
483 435 536 462 est
550 438 646 471 opus.

205 483 248 511 88
271 479 544 521 ommiumque]
571 479 656 511 Tuae
678 477 758 510 fidei
780 487 853 509 cre·

164 529 286 571 ditum.
330 531 376 561 Er
397 529 484 570 vino]
515 530 561 561 Et
576 534 676 570 potus
690 532 726 559 et
739 528 853 559 iratus.

169 578 247 610 Vino
268 581 368 610 eorm
389 582 420 610 et
439 578 504 619 ira]
531 578 643 610 Vinum
665 582 703 609 et
721 577 772 608 im
793 584 852 616 po·

165 629 345 661 tentiorum
376 630 471 671 qnasi
505 628 651 660 fidiculas
681 627 851 669 quaedam,

164 678 286 719 quihus
298 688 376 710 suos
390 678 570 717 explorent
591 687 634 709 an
649 677 719 709 sint
737 676 851 708 amici·

162 727 210 758 tia
228 726 333 767 digni,
353 731 392 758 ut
406 725 449 758 ad
465 726 626 758 Pisones:
649 727 660 744 ⁴
672 726 784 766 Reges
800 725 850 756 di-

162 779 285 806 cuntur
305 774 419 806 multis
438 783 559 816 urgere
583 774 738 807 culunis:
772 775 850 806 Tor-

202 875 246 905 4⁰
267 872 342 913 1112]
366 872 427 904 Ille
442 867 596 914 superior
611 873 751 906 amicus.

200 924 241 954 «ss
267 922 382 954 Gratia
395 923 604 964 siesrotrum]
623 923 680 955 Sic
699 922 849 955 amicitia

159 971 300 1004 duorum
313 971 454 1005 fratrum
469 978 521 1005 est
533 972 694 1005 dissoluta
709 977 849 1014 propter

160 1020 346 1053 studiorum
378 1021 622 1054 diversitatem.
666 1021 849 1062 Amphionis

159 1075 250 1112 atque
264 1071 375 1112 Zethi]
397 1071 444 1103 Hi
458 1072 554 1105 Jovis
565 1081 608 1103 ex
624 1071 775 1112 Antiopa
790 1070 849 1102 filii

160 1129 237 1151 eum
265 1120 397 1160 gemini,
417 1127 544 1159 essent,
571 1121 707 1151 diversa
736 1125 849 1151 tamen

160 1167 273 1200 studia
286 1169 394 1200 secuti
410 1174 509 1201 sunt:
528 1170 584 1201 ille
599 1170 847 1209 Philosophiam

162 1223 198 1249 et
213 1218 399 1257 Musicanu
414 1219 468 1251 hic
483 1228 564 1250 vero
574 1218 691 1250 durior
706 1218 849 1250 tristior-

159 1276 225 1308 que
239 1276 310 1298 rem
323 1268 503 1299 rusticam:
524 1268 614 1299 unde
628 1272 664 1300 et
679 1267 846 1300 declama-

159 1316 287 1348 tionum
317 1316 409 1357 apud
443 1317 609 1348 Rhetores
637 1321 847 1357 argumenta.

158 1373 234 1396 eum
260 1369 401 1406 uterque
439 1366 537 1397 alteri
566 1375 661 1397 sunm
698 1366 846 1398 studium

157 1413 360 1455 persuadere
371 1414 557 1446 contendit.
580 1415 721 1446 Torrent-

197 1466 239 1497 42
270 1464 380 1496 Donec
406 1464 561 1505 suspecta]
600 1465 720 1497 Donec
757 1466 846 1507 Lyra

158 1512 368 1554 Amphionis,
383 1514 490 1546 Zetho
505 1514 634 1554 odiosa,
649 1514 760 1547 desiit.

197 1565 239 1596 4³
261 1564 426 1596 Fraterno
438 1565 579 1606 cessisse]
605 1566 759 1598 Moribus
772 1576 845 1598 rus-

158 1612 247 1645 ticis.

196 1665 240 1695 46
261 1663 376 1696 AEtolis
383 1668 510 1696 onerata
515 1665 635 1706 plagis]
647 1666 738 1698 Nota
746 1666 843 1697 Grae-

156 1713 220 1745 cim
235 1714 341 1754 regio,
350 1713 392 1744 ab
401 1714 511 1745 AEtolo
523 1715 644 1745 Martis
653 1713 734 1750 filio,
744 1724 843 1755 quem

149 1762 302 1802 jaculum
326 1772 401 1793 cum
422 1768 554 1793 amento
569 1763 738 1793 invenisse
761 1763 844 1793 scri-

154 1810 207 1842 bit
243 1811 386 1849 Plinius,
422 1812 666 1850 coguominata.
703 1812 844 1842 Tor-rent.

113 1861 116 1864 ’
155 1858 272 1889 AEeolis
284 1859 424 1900 omnia]
445 1859 588 1890 Retibus
601 1860 748 1901 optimis,
761 1871 843 1902 qua-

154 1907 200 1939 lia
212 1907 401 1940 habuerunt
411 1908 445 1939 in
461 1909 638 1940 venatione
650 1910 724 1949 apri
741 1910 842 1951 Caly-

155 1955 274 1996 donia,
287 1965 362 1997 quae
376 1956 456 1987 urbs
472 1960 525 1988 est
539 1957 572 1988 in
588 1957 722 1989 AEtolia.

191 2008 234 2037 47
257 2005 303 2036 Ee
323 2005 499 2037 inhumnnae
518 2007 637 2038 senium
650 2008 764 2047 depone
779 2008 840 2039 Ca-

151 2054 272 2096 noenae]
293 2055 339 2087 Et
367 2055 499 2096 depone
523 2056 662 2088 senilem
685 2062 753 2088 tuae
776 2057 839 2088 Ca-

149 2113 269 2136 moenae
293 2104 545 2146 insuavitatem,
568 2115 644 2148 quae
670 2107 839 2138 venatori·

151 2154 212 2185 bns
227 2154 362 2186 videtur
375 2164 450 2186 esse
463 2165 585 2195 aspera
599 2162 635 2188 et
649 2157 838 2189 inhumana.

151 2203 331 2235 Inhumana
342 2205 461 2236 senitcm
473 2206 585 2245 depone
600 2206 766 2246 Camoenoe]
782 2207 839 2238 Se-

150 2254 235 2286 nium
250 2264 311 2295 pro
327 2255 430 2286 taedio
446 2255 534 2297 dixit
546 2261 647 2298 atque
663 2258 838 2297 molestia3

151 2309 190 2336 nt
205 2313 298 2344 saepe
311 2309 442 2336 veteres
453 2315 463 2335 τ
487 2307 641 2346 exempla
662 2307 751 2348 apud
767 2308 834 2339 Noa

149 2354 253 2385 nium.
296 2354 499 2385 Inhumanum
534 2365 615 2387 vero
650 2357 838 2397 Cumoenam,

150 2403 205 2434 vel
233 2403 323 2444 qnod
355 2403 572 2435 solitudinem
603 2414 717 2436 amaus
737 2406 837 2437 homi-

152 2459 231 2481 nnm
247 2456 352 2482 eoetus
367 2450 466 2491 sugit,
485 2452 539 2482 vel
554 2452 642 2493 quod
660 2453 735 2484 talis
753 2454 837 2485 divi-

155 2498 243 2530 tibus
253 2508 327 2530 esse
339 2500 503 2531 videatur.
528 2501 670 2532 Torreat.

192 2549 236 2578 49
257 2547 405 2578 Romanis
421 2549 566 2588 solemne]
600 2550 736 2587 Venari,
752 2561 836 2592 opus

152 2601 206 2628 est
230 2596 387 2627 usitatum
413 2597 581 2630 Romanis.
629 2599 713 2632 Utile
721 2600 835 2643 fumoe]

152 2647 263 2677 Famae
279 2646 462 2687 ntile,quia
472 2647 550 2679 inde
563 2655 727 2689 apparent
741 2651 837 2692 signa

152 2694 369 2726 fortitudinis.

195 2747 236 2777 50
262 2745 400 2786 Vitoeque
414 2749 444 2778 et
462 2746 618 2788 membris]
641 2749 731 2782 Utile
748 2750 837 2792 vitae,

1485 223 1597 267 1833

902 327 982 370 qnia
1011 327 1215 360 exercitatio
1244 331 1424 359 conservat
1447 331 1599 369 eorporis

902 377 1143 410 valetudinem.
1525 393 1530 397 -

944 428 988 458 ⁶2
1008 426 1201 467 nS'pecioaius]
1224 425 1427 466 Decentius,
1446 435 1544 467 quam
1561 430 1597 458 tu

901 486 923 508 o
934 476 1034 507 Lolli.

942 527 984 557 58
1008 526 1078 562 Quo
1092 526 1239 567 clamore]
1262 525 1340 559 Quo
1355 525 1521 567 applausu
1537 534 1596 566 po-

901 575 972 617 puli
983 575 1247 608 circumstantis.

942 627 984 657 54
1007 625 1129 657 Proelia
1142 625 1309 665 eminens]
1326 624 1473 657 Lndiera
1484 630 1597 658 certa-

899 674 990 706 mina
1006 673 1160 716 perferas
1176 674 1209 706 in
1226 674 1354 715 Campo
1369 675 1510 708 Martio.

941 727 983 756 6⁶
1008 724 1108 765 Puer]
1127 724 1168 756 In
1185 728 1305 756 tenera
1319 728 1431 756 aetate.

941 777 983 806 56
1006 773 1172 814 Subduc]
1195 773 1267 805 Sub
1280 773 1508 813 Augusto-lv.
1522 773 1592 806 od.

900 826 951 854 1⁵.
979 822 1081 864 Signa
1093 823 1216 865 refixit]
1239 823 1361 866 Refigit
1375 822 1503 854 habent
1518 832 1595 854 nos-

899 873 941 904 tri
957 873 1042 905 Mas.
1062 881 1198 904 omnes:
1226 877 1262 904 et
1277 882 1320 904 ex
1339 873 1390 904 his
1402 871 1484 912 dno,
1502 873 1595 904 Nnc

897 925 927 954 et
951 923 979 954 si
1002 924 1078 964 quid
1101 923 1198 955 abest.
1220 923 1376 955 Torrent.
1421 922 1524 962 Signo
1545 933 1593 955 re-

886 971 986 1014 fixit]
1006 972 1110 1013 Signa
1121 982 1196 1013 quae
1209 972 1351 1004 Crassus
1366 972 1537 1004 amiserat.

940 1024 980 1053 67
1004 1021 1173 1061 Adiudicat
1198 1020 1311 1061 armis]
1338 1020 1509 1062 Adjungit
1534 1031 1594 1063 po-

897 1071 979 1112 pulo
995 1071 1159 1104 Romano.

939 1123 981 1151 58
1002 1121 1052 1152 Ac
1066 1130 1104 1153 ne
1125 1125 1157 1152 te
1180 1122 1337 1162 retrahas]
1357 1122 1499 1154 Lollium
1516 1130 1592 1162 per·

898 1178 1055 1201 severare
1072 1170 1177 1201 etiam
1192 1174 1319 1208 monet,
1338 1180 1413 1202 cum
1429 1180 1514 1212 opus
1529 1174 1593 1206 est,

896 1219 931 1250 in
958 1219 1142 1252 venatione
1163 1219 1304 1262 aliisque
1328 1219 1428 1261 hujus
1455 1220 1592 1261 generis

897 1269 1195 1302 exercitationibus
1218 1280 1228 1301 =
1276 1269 1437 1308 maxime,
1469 1269 1594 1310 inquit,

896 1328 974 1350 eum
989 1327 1080 1351 nunc
1106 1328 1254 1360 qnoque,
1278 1317 1431 1360 quamvis
1445 1317 1527 1349 nihil
1542 1319 1592 1349 in-

896 1367 1050 1399 ordinate
1065 1371 1126 1399 ant
1137 1367 1358 1399 immoderate
1370 1365 1483 1399 facere
1494 1367 1591 1404 velis,

894 1415 1063 1448 interdum
1086 1422 1200 1448 tamen
1221 1416 1314 1448 hisee
1339 1422 1374 1448 te
1389 1417 1477 1449 ludis
1494 1426 1592 1449 exer-

893 1475 972 1498 ceas
989 1475 1055 1498 una
1083 1476 1159 1498 cum
1183 1465 1292 1498 fratre
1317 1476 1356 1498 ac
1382 1467 1496 1507 pueris
1512 1467 1590 1507 tuis,

892 1514 1045 1547 Actiacae
1074 1525 1195 1556 pugne
1220 1515 1400 1547 simulacra
1424 1514 1589 1547 referens.

892 1565 983 1597 Puto
997 1570 1110 1597 antem
1123 1565 1197 1597 haee
1208 1565 1381 1606 scripsisse
1396 1565 1589 1606 Horatium,

893 1623 969 1646 cum
1002 1615 1083 1646 Caio
1111 1615 1255 1647 Coesaris
1283 1614 1429 1656 Augusti
1458 1615 1528 1646 filio
1555 1615 1589 1645 in

892 1663 1088 1695 Armeniam
1105 1664 1194 1696 ituro
1207 1674 1321 1695 comes
1334 1665 1521 1696 destinatus
1536 1674 1589 1695 es-

894 1720 946 1747 set
961 1715 1103 1747 Lollius:
1130 1715 1250 1747 eodem
1266 1715 1335 1745 fere
1352 1719 1506 1755 tempore
1522 1724 1589 1755 quo

894 1762 1040 1803 priorem
1064 1773 1197 1805 quoqne
1221 1764 1406 1803 Epistulam
1437 1764 1588 1804 scripsit.

897 1812 1039 1844 Torrent-
1086 1812 1137 1844 Ne
1157 1816 1189 1844 te
1210 1811 1367 1852 retrahas]
1390 1812 1470 1843 Noli
1487 1817 1522 1844 te
1535 1814 1587 1844 ni·

891 1862 955 1892 mis
969 1862 1069 1901 longe
1092 1860 1265 1892 retrahere
1283 1865 1344 1892 ant
1358 1860 1490 1901 abesse,
1514 1862 1587 1893 siue

883 1912 982 1952 justa
999 1912 1233 1943 excusatione.

930 1963 974 1992 59
994 1962 1101 1993 Extra
1135 1962 1308 2003 numerum]
1340 1961 1479 2003 Inepte.
1509 1964 1585 1995 Me-

889 2011 983 2052 taph.
1000 2010 1103 2042 ducta
1116 2020 1135 2042 a
1151 2011 1382 2043 saltatoribus.

931 2063 974 2092 60
996 2060 1158 2092 Interdum
1170 2060 1316 2101 nugaris]
1337 2062 1464 2094 Tamen
1480 2062 1586 2094 inter·

890 2109 969 2142 dum
983 2110 1071 2142 ludis
1086 2114 1123 2142 et
1134 2120 1239 2152 nugas
1252 2111 1324 2151 agis
1341 2111 1374 2142 in
1389 2112 1467 2143 villa
1479 2114 1584 2154 patris

891 2161 953 2192 tui.

931 2213 971 2242 61
997 2211 1144 2242 Partitur
1160 2211 1270 2242 lintres
1289 2210 1458 2252 exercitus]
1472 2212 1580 2243 Exer-

889 2259 974 2291 citus
991 2260 1109 2291 dividit
1126 2261 1293 2292 naviculas
1305 2261 1395 2291 iuter
1410 2271 1456 2292 se.
1485 2262 1580 2293 Actia

886 2310 1008 2350 pugna]
1043 2304 1165 2350 Pugna
1187 2309 1364 2340 commissa
1384 2310 1472 2350 apud
1489 2310 1583 2341 Acti-

889 2368 955 2395 um,
986 2359 1250 2400 promontorium
1266 2358 1372 2399 Epiri,
1398 2359 1488 2389 inter
1513 2358 1582 2390 Au-

888 2413 1023 2448 gustum
1038 2413 1075 2439 et
1088 2407 1285 2439 Antonium.

930 2460 972 2489 62
1008 2458 1172 2497 Refertur]
1213 2458 1503 2497 Repraesentatur,
1540 2463 1578 2490 ut

888 2509 959 2549 ejus
982 2507 1179 2539 memoriam
1202 2511 1332 2546 gratam
1354 2504 1485 2547 faceret
1506 2506 1577 2539 Au-

912 2562 996 2588 usto.

888 2567 910 2598 g
929 2609 971 2637 63
993 2603 1211 2644 Adversarius]
1236 2604 1299 2635 Est
1317 2604 1349 2635 in
1365 2605 1440 2636 loeo
1455 2605 1575 2637 adver-

888 2655 964 2686 sarii
980 2655 1088 2685 ducis.
1130 2654 1243 2693 Lacus,
1268 2653 1386 2694 Adria]
1410 2655 1517 2687 Lacus
1540 2657 1574 2687 in

886 2704 990 2735 fundo
1005 2703 1114 2744 patris
1129 2702 1177 2734 tui
1193 2703 1327 2735 simulat
1339 2703 1436 2735 Mare
1451 2705 1574 2736 Adria—

886 2754 1000 2794 ticum,
1015 2753 1050 2785 in
1064 2762 1130 2794 quo
1144 2754 1263 2786 navale
1275 2754 1427 2795 proelium
1440 2761 1571 2796 gestum
