1858 3184
272 193 384 236 1860

272 296 354 329 niliil
370 295 412 328 ad
429 304 506 329 eum
522 297 692 331 attinente
709 302 975 331 commoveatur.

275 346 422 379 Torrent-

312 398 378 428 212
394 396 527 438 Irritae]
541 396 598 430 Ad
610 397 695 429 iram
711 397 871 438 impellit.
887 397 975 429 Mul-

265 447 330 488 cet]
345 448 520 480 Delectat.
553 448 658 480 Falsis
669 447 840 480 terroribus
850 448 971 490 implet,

274 497 318 529 Ut
330 497 455 538 magus]
477 497 622 538 Optima
641 499 865 540 comparatio.
909 499 971 531 Ar-

270 548 355 580 tium
367 549 456 579 enim
470 548 621 579 omnium
633 548 816 581 vanissima
831 554 868 582 et
881 548 972 582 frau-

269 596 507 629 dulentissima
527 597 640 638 magia
655 603 731 630 est:
755 608 833 640 quae
858 604 972 631 tamen

269 646 450 688 plurimum
464 646 499 678 in
516 650 591 679 toto
604 649 774 680 terrarum
786 648 884 686 orbe,
896 650 972 691 plu-

268 696 431 738 rimisque
446 697 579 728 saeculis
594 697 714 730 valuit.
740 698 883 731 Tor-rent.

309 749 374 779 213
390 747 524 789 Magus]
546 747 801 790 Praestigiator,
817 749 877 791 qui
897 752 971 782 arte

267 798 405 839 magica
426 801 589 840 portenta
603 796 702 831 facit.
748 799 792 831 Et
806 800 896 831 modo
911 800 973 842 me]

266 848 383 890 Usque
398 847 485 879 adeo
501 852 582 890 apte
597 857 653 880 res
666 852 780 890 gestas
791 849 969 893 describit,

265 901 318 939 ut,
341 898 397 940 qui
421 898 576 940 audiunt,
597 898 765 932 interesse
789 899 971 933 videantur

265 947 300 979 in
323 948 364 980 iis
387 948 471 980 locis
487 948 546 980 ubi
570 954 679 990 gestae
705 953 798 981 sunt.
842 949 971 991 Thebis]

263 997 403 1035 Thebae,
430 997 590 1038 Athenae,
618 997 744 1040 Argos,
775 999 971 1041 Corinthus,

264 1047 522 1089 Tragoediarum
539 1047 722 1080 domicilia.
741 1047 885 1080 Tor-rent.

307 1100 374 1130 214
403 1097 519 1130 Verum
541 1097 618 1138 age]
642 1098 745 1130 Nunc
762 1098 907 1139 primum
922 1097 971 1130 iu-

262 1146 349 1187 cipit
361 1146 461 1188 hujus
474 1146 629 1188 epistolae
637 1155 778 1188 scopum
784 1148 972 1189 collimare,

263 1195 462 1239 hortarique
490 1196 696 1238 Augustum,
717 1206 761 1229 ne
784 1197 971 1230 Choerilum

265 1247 414 1288 aliquem
424 1247 508 1279 velit
518 1257 579 1278 sua
589 1252 685 1288 gesta
695 1247 897 1288 decantare,
908 1248 971 1280 sed

263 1307 282 1327 e
305 1296 421 1328 multis
438 1296 567 1337 deligat
586 1297 735 1338 optimos
751 1306 903 1339 quosque
925 1307 969 1330 ex

262 1346 304 1377 iis
328 1345 388 1388 qui
404 1345 587 1377 scribendo
605 1346 727 1378 lectori
748 1347 885 1386 placere
901 1357 969 1378 ma-

263 1395 462 1437 lunt,quam
470 1404 489 1426 e
500 1395 644 1437 pulpitis
654 1395 833 1428 recitando
845 1396 968 1428 fastum

262 1446 383 1487 populi
399 1443 503 1477 ferre.
530 1446 630 1487 Cruq.
674 1445 818 1487 His,qui
830 1445 879 1487 ae]
898 1446 967 1478 Va-

264 1494 356 1527 tibus
377 1494 538 1536 egregiis.

305 1549 368 1579 215
388 1546 492 1583 Quam
504 1545 704 1588 metatoris]
724 1546 836 1580 Quam
856 1545 967 1580 audiri

262 1601 298 1629 et
311 1598 475 1639 spectari.
639 1616 642 1619 Δ

304 1650 370 1680 216
394 1649 514 1680 Curam
528 1648 624 1679 redde
646 1646 785 1687 brevem]
806 1646 848 1679 Id
872 1647 967 1680 varie

262 1696 448 1738 exponitur
461 1706 471 1727 ι
487 1705 613 1737 nempe
628 1700 668 1728 ut
679 1696 731 1729 his
744 1705 880 1738 quoque
892 1698 967 1729 Cae-

263 1755 332 1787 sar,
342 1745 401 1788 qui
412 1745 588 1787 ingenium
602 1754 700 1778 sunm
717 1745 751 1777 in
767 1754 871 1778 scena
882 1747 968 1787 pub·

260 1796 365 1828 licare
392 1796 514 1836 nolint,
530 1796 584 1828 vel
598 1804 716 1828 curam
738 1805 800 1827 sua
819 1795 967 1828 liberali·

262 1850 337 1878 tate
351 1846 504 1885 minuat3
530 1846 586 1877 vel
601 1855 717 1878 curam
740 1854 809 1888 quo
822 1845 966 1887 diligen-

262 1896 368 1927 tiores
384 1897 466 1932 siut,
486 1896 521 1927 in
537 1905 654 1927 eorum
671 1895 789 1927 animis
812 1896 967 1936 excitet3

261 1946 316 1978 vel
328 1945 474 1988 denique
489 1955 604 1977 curam
619 1945 766 1986 aliquam
779 1945 814 1976 in
825 1944 965 1978 delectu

262 1997 356 2030 inter
370 2006 428 2029 eos
442 1995 604 2028 faciendo
618 1995 885 2038 impendat,quo
897 2005 965 2028 ma-

254 2049 335 2090 jore
363 2047 474 2089 gloria
510 2046 554 2078 ab
581 2045 712 2077 idoneis
753 2046 963 2080 celebretur.

259 2100 387 2132 Verum
398 2098 480 2130 mihi
493 2098 602 2139 prima
614 2097 863 2139 interpretandi
876 2099 963 2131 ratio

259 2150 387 2192 placet,
401 2153 440 2181 ut
456 2148 644 2189 Augustum
657 2156 781 2189 nempe
797 2152 898 2189 roget
912 2149 963 2181 uti

258 2199 377 2231 horum
416 2207 567 2241 quoque,
605 2197 664 2239 qui
695 2198 960 2231 verecundiores

259 2259 404 2293 scenam·
435 2247 585 2291 fugiunt,
620 2247 791 2280 rationem
833 2248 962 2282 habere

258 2299 424 2342 dignetur
437 2309 449 2339 ;
468 2307 546 2340 quo,
558 2297 603 2330 de
618 2298 710 2330 nulla
724 2298 792 2331 alia
807 2307 844 2330 re
858 2308 960 2341 quarn

257 2350 301 2383 de
323 2349 508 2382 scribendo
529 2348 678 2388 solliciti,
701 2349 959 2390 prestantiores

259 2400 422 2433 evadant.
438 2400 583 2432 Torrent-
603 2399 727 2430 διο-ατη
739 2398 849 2440 redde]
869 2399 958 2431 Red-

258 2450 302 2482 de
323 2450 534 2492 aliquantum
570 2457 675 2484 curae,
697 2453 736 2480 nt
757 2448 827 2481 sint
853 2449 958 2490 magis

258 2499 407 2538 solliciti,
439 2508 508 2531 non
540 2497 627 2530 adeo
655 2497 876 2539 negligentes.
921 2498 960 2531 Sa·

259 2558 370 2580 munus
382 2549 529 2589 Apolline
542 2547 689 2588 dignum]
709 2548 748 2580 Si
766 2547 959 2581 Bibliothe-

259 2607 334 2630 cam
344 2597 496 2639 Apollini
508 2608 528 2630 a
538 2603 573 2631 te
587 2602 819 2631 consecratam
829 2605 866 2631 et
877 2598 958 2631 edi-

257 2646 407 2687 ficatam,
423 2649 488 2679 &c-

301 2698 363 2728 217
398 2697 441 2727 Et
463 2697 585 2729 vatibus
612 2699 727 2731 addere
765 2698 884 2741 calcar]
913 2699 959 2732 Et

259 2747 384 2780 Poetas
400 2748 563 2782 excitare.

740 204 881 236 NOTAE
914 204 1180 236 VAmoRUM
1213 204 1266 236 IN

1066 300 1130 330 218
1153 297 1265 331 Studio
1294 296 1427 338 maiore]
1456 297 1589 339 Majore
1618 299 1723 333 animi

1021 348 1241 380 contentione
1257 347 1376 379 Musas
1398 347 1514 380 colant
1528 348 1723 392 stylumque

1022 402 1227 437 exerceant;
1250 396 1323 429 fere
1339 406 1486 439 namque
1508 397 1562 439 fit,
1587 397 1669 431 dum
1685 399 1722 431 iu

1022 447 1125 479 dubio
1137 452 1190 479 est
1200 447 1432 488 animus,nihil
1442 448 1644 489 proderint
1654 457 1724 482 me·

1021 497 1152 530 ditetur
1165 503 1203 531 et
1218 497 1344 531 faeiat:
1366 508 1472 540 quare
1483 502 1599 531 mouet
1610 499 1724 532 ceu-

1022 557 1106 585 rem,
1130 553 1169 580 ut
1192 549 1320 581 animos
1343 548 1532 581 Poetarum
1556 549 1680 582 liberet
1701 551 1726 583 ι’

1023 608 1104 631 cura
1119 605 1155 631 et
1169 599 1296 640 inedia,
1313 600 1341 631 si
1356 599 1438 641 qnid
1454 609 1514 632 eos
1527 599 1628 633 laude
1648 598 1723 641 dig-

1021 659 1100 681 num
1114 649 1266 682 scribere
1281 649 1469 682 desideret.
1494 650 1593 692 (ἶνις.
1629 649 1723 682 Heln·-

1020 708 1098 731 eona
1107 699 1275 741 virentem]
1291 699 1447 732 Montem
1458 699 1607 733 Boeotioe
1618 699 1724 742 Apol-

1021 749 1081 781 lini
1096 755 1131 781 et
1147 749 1257 781 Musis
1279 758 1424 781 sacrum.

1063 802 1128 832 220
1146 800 1190 832 Ut
1205 800 1311 832 cineta
1324 799 1461 841 egomet]
1483 799 1531 831 Ut
1551 799 1721 841 meipsum

1021 851 1168 882 omnium
1183 850 1327 892 primum
1342 849 1603 891 reprehendam.
1630 849 1723 882 Vine-

1021 904 1056 933 ta
1079 905 1199 942 egomet
1223 902 1342 932 coedant
1366 899 1453 940 meo]
1481 900 1633 932 Doctum
1649 909 1723 931 are

1021 951 1150 983 rustica
1175 949 1408 992 proverbium,
1435 949 1469 981 in
1496 958 1553 982 eos
1576 948 1634 991 qui
1654 948 1722 990 ipsi

1020 1000 1157 1032 desides
1179 1000 1322 1032 aliorum
1344 998 1509 1031 desidiam
1532 998 1720 1040 reprehen-

1021 1049 1127 1082 dunt:
1163 1049 1264 1081 aliter
1289 1053 1405 1081 tamen
1430 1048 1605 1094 Erasmus.
1642 1049 1721 1082 Tor·

1018 1103 1102 1132 rent.
1434 1112 1437 1114 ·

1062 1152 1125 1182 221
1143 1148 1288 1185 Sollicito
1301 1148 1425 1190 donus]
1443 1147 1499 1180 De
1515 1147 1617 1180 rebus
1631 1146 1721 1193 bene

1021 1198 1173 1240 agendis.
1198 1199 1302 1236 Quum
1312 1197 1472 1239 laedimur]
1487 1198 1601 1232 Quum
1615 1195 1722 1230 offen·

1021 1249 1146 1282 dimur.

1062 1302 1126 1331 223
1146 1300 1226 1331 Cum
1239 1298 1381 1338 loca-§am
1394 1296 1545 1337 recitata]
1567 1298 1653 1329 cum
1668 1307 1722 1329 ae-

1019 1350 1086 1381 mel
1111 1349 1258 1382 recitata
1283 1358 1324 1380 ac
1346 1347 1430 1380 satis
1445 1348 1520 1389 jam
1544 1347 1722 1380 intellecta

1018 1408 1127 1440 usqne
1155 1398 1353 1439 repetimus.
1399 1396 1576 1428 lun-evocati
1606 1401 1720 1429 autem

1017 1448 1136 1490 legunt
1150 1448 1227 1480 libri
1244 1452 1389 1479 veteres.
1415 1443 1561 1478 Torreat.
1597 1446 1722 1478 Irrevo-

1015 1498 1098 1540 cati]
1112 1499 1191 1531 Non
1209 1497 1359 1530 revocati
1377 1496 1420 1528 ab
1436 1506 1478 1528 eo
1492 1497 1549 1539 qui
1565 1496 1673 1529 audit.

1060 1552 1125 1582 224
1149 1550 1255 1585 Quum
1269 1545 1488 1586 lanoentamar]
1511 1547 1625 1581 Quum
1637 1557 1720 1590 que-

1016 1599 1120 1632 rimur
1135 1609 1202 1631 non
1224 1598 1372 1642 intelligi
1396 1601 1560 1640 quantum
1586 1597 1722 1631 labora·

1015 1649 1177 1681 verimus.

1058 1702 1122 1731 226
1146 1700 1192 1731 Et
1209 1698 1295 1730 tenui
1317 1695 1468 1738 deducta]
1489 1697 1616 1729 Subtili
1639 1696 1721 1729 arti-

1016 1747 1096 1780 ficio
1111 1748 1295 1780 elaborata.
1331 1747 1432 1780 Tema
1440 1748 1573 1779 deducta
1587 1746 1720 1779 Poema-

1016 1801 1050 1829 ta
1053 1797 1130 1840 filo]
1160 1796 1287 1840 Repeti
1306 1796 1363 1828 hic
1389 1800 1577 1839 potnerunt
1598 1805 1676 1838 qum
1690 1805 1719 1829 ι.

1015 1849 1088 1881 Sat.
1114 1850 1167 1881 10.
1193 1847 1399 1888 notavimus,
1424 1846 1436 1864 ‘
1452 1846 1574 1879 Varius
1600 1844 1720 1879 (1υείιέ

1018 1897 1164 1929 Torrent-

1057 1949 1123 1979 226
1148 1947 1192 1978 Ue
1216 1943 1419 1988 simulatque]
1446 1944 1572 1977 Statim
1599 1949 1636 1977 ut
1657 1954 1718 1977 au-

1013 1997 1121 2029 dieris
1134 2006 1195 2028 nos
1210 2005 1328 2028 versus
1342 1995 1504 2027 scribere.

1054 2050 1119 2079 227
1144 2047 1328 2078 Commodus
1341 2044 1439 2086 ultro]
1462 2045 1645 2080 Liberalis.

1055 2100 1120 2130 228
1140 2095 1305 2137 Are-eam]
1327 2096 1412 2129 Nos.

1055 2149 1120 2179 229
1141 2145 1205 2177 Sed
1232 2149 1338 2177 tamen
1366 2149 1416 2178 est
1436 2156 1539 2188 opem*
1562 2147 1716 2190 pretim-u]

1011 2197 1127 2228 Verba
1148 2197 1224 2228 haec
1247 2195 1401 2237 pendent
1426 2206 1447 2227 a
1472 2197 1717 2240 superioribus,

1011 2256 1136 2288 nempe
1162 2257 1183 2278 a
1213 2256 1262 2278 vs.
1290 2249 1366 2279 219.
1408 2246 1544 2279 ‘Multa
1573 2247 1715 2290 quidem

1010 2296 1209 2337 nobis,’&c.
1252 2297 1359 2330 Quasi
1375 2296 1522 2337 diceret,
1546 2298 1628 2330 Non
1653 2307 1714 2340 ge-

1011 2347 1114 2378 rimus
1130 2357 1191 2380 nos
1206 2356 1288 2388 erga
1305 2351 1340 2378 te
1362 2351 1431 2378 tam
1447 2347 1714 2389 circumspecte,

1010 2407 1110 2439 quam
1122 2407 1185 2439 par
1199 2401 1303 2433 esset,
1322 2396 1384 2429 sed
1408 2397 1517 2429 varias
1543 2397 1647 2430 etiam
1661 2397 1713 2430 of-

1010 2448 1173 2481 fensionis
1184 2458 1303 2481 causas
1317 2448 1380 2480 tibi
1395 2448 1601 2490 praebemus.
1625 2447 1714 2482 Eme

1011 2498 1134 2539 fateor,
1147 2499 1267 2531 Caesar
1281 2508 1290 2530 z
1307 2498 1366 2530 sed
1381 2503 1495 2530 tamen
1507 2508 1621 2540 operm
1634 2507 1712 2542 pre-

1009 2549 1092 2580 tium
1109 2553 1173 2588 est,
1186 2554 1222 2580 tc
1238 2549 1470 2581 internoscere
1486 2548 1530 2580 ab
1545 2549 1634 2589 aliis,
1651 2558 1710 2581 eos

1008 2598 1066 2640 qui
1088 2599 1207 2630 aeditui
1232 2598 1370 2630 virtutis
1388 2602 1457 2630 tuae
1472 2607 1547 2630 esse
1568 2602 1709 2641 possunt

1007 2649 1166 2691 (quorum
1187 2649 1339 2681 versibus
1355 2657 1465 2680 rerum
1491 2658 1511 2680 a
1533 2654 1580 2680 te·
1596 2653 1708 2690 gesta·

1009 2709 1080 2731 rum
1097 2699 1258 2731 memoria
1280 2709 1301 2731 a
1316 2704 1350 2731 te
1366 2700 1560 2732 conservari
1575 2705 1611 2732 et
1631 2708 1709 2740 pos·

1010 2749 1140 2781 teritati
1173 2750 1276 2781 etiam
1310 2749 1538 2782 commendari
1570 2753 1704 2792 potest:
