1858 3184
227 177 243 216 1
249 174 341 218 922

228 283 308 310 tum.
378 278 516 319 Timent]
563 278 628 311 Qui
659 278 809 319 sapiunt,
838 287 931 309 vesa-

227 337 306 360 num
345 333 515 370 tamquam
552 327 743 360 scabiosum
783 327 931 367 fugiunt.

229 379 384 410 Nunnius.

267 431 334 461 456
356 429 493 469 Agitant
515 428 622 470 pueri]
654 429 928 470 Persequuntur.

227 479 428 520 Incautique]
452 480 581 510 Parum
596 479 700 510 cauti.

268 532 333 561 457
368 530 435 561 Hic
449 531 523 560 dum
543 529 689 561 sublimes
711 529 834 570 versus]
859 529 927 560 Hic

227 580 407 619 plurimum
445 579 510 611 sibi
541 580 703 612 tribuens.
761 580 928 621 Sublimis]

227 627 400 669 Μετέωρος,
416 629 472 669 qui
489 630 583 670 vultu
599 629 633 661 iu
656 630 778 662 coelum
796 631 927 662 sublato

226 678 369 710 incedit.
394 679 553 712 Nunnius.
582 680 675 712 Guil.
699 681 839 712 Canter.
857 681 927 713 No·

227 730 420 762 van-Lect.
443 739 497 762 tv.
524 733 577 762 12.
626 730 800 770 Ructatur]
837 731 928 763 Dum

226 779 364 820 putidos
381 789 499 812 versus
516 781 611 822 quasi
628 787 745 813 ructus
761 781 845 813 edit.
862 790 869 798 ·
885 782 929 812 Et

223 829 326 871 errat]
349 830 395 861 Et
410 835 504 862 errat
519 831 631 862 animo
647 836 680 863 et
697 841 854 873 corpore.

265 883 331 912 458
354 880 392 912 Si
412 881 513 912 veluti
537 882 663 913 merulis
684 882 836 923 intentus,
857 881 928 922 ξω]

224 930 273 971 Si,
289 935 326 962 ut
341 940 466 972 auceps
483 931 540 972 qui
557 932 696 963 merulis
717 932 835 963 avibus
848 931 929 962 insi-

225 981 298 1013 dias
315 983 430 1023 struit,
446 982 478 1014 in
495 982 704 1025 foveam‚(id
721 989 783 1020 est,
800 984 834 1015 in
850 992 927 1026 per·

223 1032 360 1072 spicnos
377 1033 528 1073 errores)
546 1033 679 1064 incidit.

266 1085 331 1114 459
354 1083 455 1121 Licet,
469 1081 654 1122 succurrite]
676 1083 841 1115 Quamvis
857 1081 928 1113 lon·

223 1141 315 1173 gum,
331 1133 364 1164 id
381 1137 447 1173 est,
463 1132 521 1165 din
537 1134 674 1173 clamet,
691 1134 723 1165 io
736 1134 839 1170 cives,
854 1142 929 1165 suc-

224 1183 366 1224 currite,
378 1183 584 1216 succurrite.
879 1219 885 1224 .

267 1237 332 1265 460
358 1235 491 1275 Clamet,
514 1234 550 1265 Ῑο
572 1234 668 1274 cives]
691 1234 727 1266 Io
755 1243 821 1266 vox
839 1232 934 1274 jubi-

225 1284 341 1324 tantis,
357 1289 394 1315 ut
411 1284 445 1315 in
462 1284 644 1325 triumphis
658 1294 667 1323 ;
690 1284 745 1315 hic
762 1293 844 1315 vero
861 1283 934 1325 qui-

225 1332 375 1371 ritantis,
401 1333 481 1364 dum
506 1333 681 1366 Quiritum
698 1342 797 1373 opem
813 1333 933 1373 implo-

223 1387 290 1415 rat.
337 1383 412 1414 Non
435 1383 478 1414 sit
507 1385 562 1423 qui
591 1384 697 1414 tollere
717 1382 819 1422 curet]
844 1382 934 1415 Quia

225 1433 361 1475 ignorat
388 1442 430 1464 an
458 1434 549 1465 ultro
573 1442 610 1464 se
633 1432 815 1474 dejecerit,
840 1441 882 1463 au
906 1433 933 1463 si

224 1487 400 1516 extractus
448 1483 570 1515 eodem
610 1492 647 1515 se
685 1482 932 1524 praecipitabit.

227 1534 386 1566 Nunnius.
435 1534 553 1566 Tollere
567 1534 670 1575 curet]
697 1533 876 1566 Attollere.

267 1586 330 1616 461
369 1583 547 1615 Demittere
571 1583 700 1624 sunem]
735 1584 931 1616 Demittere

224 1633 340 1665 funem
358 1634 392 1664 in
407 1633 555 1666 foveam.

269 1685 334 1715 462
358 1683 601 1724 Prudens‘huc]
625 1682 680 1714 An
704 1683 815 1715 sciens
838 1683 932 1715 etde

226 1735 408 1768 industria.

269 1787 332 1818 463
356 1785 485 1818 Servari
504 1785 601 1826 nolit]
621 1785 760 1817 Servari
776 1794 842 1817 non
859 1786 934 1817 vult

225 1845 269 1866 ne
285 1835 500 1867 emendetur.
548 1835 665 1867 Dicam
677 1835 836 1877 Siculique
851 1835 933 1867 Po&-

225 1886 283 1926 toe]
307 1887 362 1917 Ne
391 1885 547 1916 videatur
577 1886 777 1917 incredibile
802 1889 932 1917 tantum

226 1937 339 1967 inesse
368 1934 489 1966 Poetis
522 1933 686 1975 furorem,
722 1939 760 1966 ut
792 1935 934 1975 cupiant

225 1985 351 2028 perire,
373 1989 409 2016 et
433 1985 460 2016 si
486 1984 669 2016 admoveas
690 1994 825 2016 manum
841 1984 934 2015 auxi-

225 2035 405 2075 llutricem,
422 2034 572 2066 habituri
589 2034 657 2066 sint
674 2043 737 2075 pro
753 2033 933 2073 maleficio,

227 2094 295 2117 uon
323 2094 384 2127 pro
419 2082 602 2122 beneficio,
640 2088 758 2114 narrat
788 2087 934 2114 mortem

227 2134 448 2177 Empedoclis
472 2133 706 2175 Agrigentini,
729 2134 786 2175 qui
813 2133 934 2165 avidis·

227 2187 331 2218 simus
353 2185 485 2226 gloriae.
508 2184 543 2215 in
567 2183 704 2216 AEtuam
727 2183 870 2223 insiluit,
894 2189 932 2215 nt

227 2233 579 2276 bantinumopinione
595 2234 629 2266 in
653 2234 756 2266 coelos
777 2234 931 2265 sublatus

229 2289 422 2326 putaretur.
445 2284 603 2316 Nunnius.
638 2276 795 2325 siculique
807 2284 932 2326 Po‘e'toe]

230 2334 450 2377 Empedoclis
468 2334 696 2377 Agrigentini.

271 2389 334 2418 465
354 2385 507 2425 Frigidus
515 2386 662 2427 AEtnam]
680 2385 933 2426 Frigidus,stul-

231 2443 285 2470 tus
303 2441 340 2469 et
358 2445 488 2468 vecors.
534 2437 624 2469 Nam
647 2436 770 2478 quibus
794 2436 931 2476 sanguis

229 2492 283 2519 est
306 2487 476 2528 frigidior,
501 2485 605 2518 corde
627 2490 709 2518 suut
731 2486 931 2527 plerumque

231 2537 439 2568 vecordiore.
484 2537 629 2577 Elegaus
647 2536 702 2569 hic
717 2541 772 2568 est
786 2535 931 2568 antithe-

230 2587 288 2626 sis,
311 2596 377 2627 qua
400 2585 572 2627 frigiditas
594 2587 670 2620 bilis
690 2591 775 2619 utrae
790 2587 932 2628 opponi-

229 2640 287 2667 tur
314 2635 492 2668 ardoribus
514 2638 602 2677 ignis
625 2638 750 2671 AEtnae.
774 2637 933 2670 Nunnius.

233 2685 386 2725 fragrans
400 2686 547 2727 AEtnam]
572 2688 733 2729 Frigidus
750 2689 933 2730 praeseutis

719 186 861 217 NOTAE
894 185 1180 216 VARIORUM.

986 278 1260 310 martirum-ore
1274 286 1283 315 ;
1305 276 1372 316 vel,
1383 277 1555 320 Frigidus,
1569 278 1604 311 id
1619 282 1689 318 est,

985 334 1060 360 atra
1076 328 1141 360 bile
1165 326 1324 359 affectus.
1368 327 1433 358 Est
1447 327 1540 359 enim
1551 328 1689 361 nel-u-

985 378 1097 409 cholia
1113 375 1347 417 frigidissima}

1025 430 1090 459 466
1113 427 1235 462 Poetis,
1257 427 1328 468 ξω]
1350 425 1471 458 Poetis
1492 426 1552 468 qui
1575 434 1612 458 se
1626 436 1687 460 no-

982 478 1057 509 lunt
1076 478 1216 518 corrigi.

1023 529 1086 559 467
1113 521 1254 559 Invitum
1282 526 1338 568 qui
1362 522 1575 569 servat,”q·c.]
1599 526 1689 559 Vide
1710 561 1716 565 ,

981 578 1061 609 Pet.
1089 576 1224 609 Victor.
1250 578 1333 609 var.
1368 577 1467 610 Leet.
1502 586 1542 610 x.
1569 579 1624 609 22.
1652 581 1690 609 et

983 636 1115 659 xxxvt.
1125 630 1180 659 21.
1215 628 1396 667 Idemsacit
1407 622 1577 669 occidenti]
1591 627 1690 660 Idem

981 677 1068 710 facit
1097 687 1137 710 ac
1161 678 1190 710 si
1218 678 1406 710 occideret.
1450 679 1539 710 Idem
1563 686 1627 719 pro
1646 677 1692 709 a·-

981 729 1066 760 mile.

1024 782 1088 812 468
1110 779 1150 811 Si
1168 782 1327 812 retractus
1339 778 1418 820 erit]
1442 779 1496 812 Ab
1512 779 1625 812 AEtnae
1641 779 1693 811 in-

983 830 1119 863 cendio.

1025 883 1090 912 469
1112 881 1188 912 Fiet
1206 880 1311 921 homo]
1335 879 1414 912 Fiet
1428 879 1568 912 rationis
1586 880 1693 921 parti-

983 941 1066 972 ceps
1085 936 1121 963 et
1137 941 1251 963 sanus.
1296 931 1444 963 Insanus
1467 931 1572 971 enim,
1587 930 1690 962 homo

981 991 1049 1014 uon
1072 987 1136 1014 est.
1182 983 1226 1014 Et
1248 981 1508 1023 ponetsamosoe]
1530 982 1606 1013 Nec
1628 981 1694 1012 ‘de-

982 1036 1088 1073 ponet
1103 1038 1266 1072 amorem,
1281 1031 1316 1063 id
1332 1036 1400 1072 est,
1414 1041 1534 1063 curam
1549 1041 1617 1064 nou
1631 1031 1693 1063 ab-

976 1080 1079 1121 jiciet
1103 1080 1244 1112 famosae
1268 1081 1401 1121 mortis,
1418 1080 1462 1121 ‚id
1483 1085 1550 1122 est,
1570 1080 1693 1113 mortis

982 1129 1132 1162 infamis.
1157 1131 1246 1162 Nam
1256 1130 1407 1172 seipsum
1419 1129 1694 1172 occidere‚quod

986 1179 1068 1213 fecit
1086 1181 1329 1222 Empedocles,
1343 1179 1471 1213 infame
1486 1184 1551 1213 est.

1028 1234 1091 1263 4⁷0
1116 1231 1186 1263 Nec
1199 1231 1279 1263 sotis
1288 1230 1435 1272 apparet]
1458 1231 1526 1263 Hic
1538 1230 1692 1263 furorem

986 1281 1156 1313 ambitiosi
1172 1282 1294 1314 Poc'tae
1310 1282 1386 1312 aliis
1402 1281 1569 1313 similibus
1583 1281 1696 1314 declu-

986 1336 1052 1363 rat.
1098 1332 1250 1363 Primum
1273 1335 1453 1372 comparat
1477 1331 1572 1363 illum
1590 1330 1696 1363 furio-

988 1391 1039 1421 so,
1052 1382 1110 1423 qui
1126 1381 1171 1413 ob
1187 1380 1338 1413 nefanda
1352 1382 1484 1414 scelera
1499 1380 1595 1413 furiis
1612 1391 1697 1414 exa·

987 1433 1137 1473 gitatur:
1178 1432 1256 1464 dein
1285 1437 1465 1474 comparat
1493 1442 1571 1465 cum
1603 1443 1696 1475 urso,

988 1484 1045 1525 qui
1075 1493 1094 1515 e
1129 1493 1278 1515 caverna
1308 1483 1484 1525 eruperit:
1518 1486 1695 1524 postremo

987 1538 1166 1576 comparat
1193 1544 1271 1566 eum
1301 1533 1466 1575 hirundini,
1492 1534 1552 1576 qui
1577 1539 1693 1566 cutem

986 1585 1163 1617 invaserit.
1208 1584 1324 1626 Atque
1348 1585 1397 1616 ita
1422 1585 1510 1617 hauc
1535 1584 1579 1616 de
1605 1584 1695 1617 Arte

986 1635 1134 1667 Politice
1154 1635 1424 1676 praeceptionem
1444 1635 1635 1675 concludit,
1657 1639 1696 1667 ut

986 1685 1111 1717 doceat
1143 1685 1324 1726 plurimum
1355 1684 1497 1726 referre,
1524 1689 1564 1717 ut
1586 1684 1697 1717 Poeta

986 1744 1054 1766 nou
1071 1735 1118 1766 sit
1133 1734 1354 1774 ambitiosus3
1378 1734 1439 1766 sed
1456 1739 1591 1770 contra,
1607 1739 1647 1767 ut
1662 1736 1696 1766 in

986 1784 1155 1826 poe'matis
1171 1785 1240 1816 suis
1256 1785 1342 1830 vitia
1357 1794 1459 1826 quam
1473 1784 1696 1826 diligentissi-

988 1845 1042 1867 me
1059 1836 1181 1878 inquiri
1199 1840 1311 1876 curet,
1333 1845 1444 1878 enque
1459 1832 1697 1879 'demonstrata

989 1886 1171 1917 emendare
1185 1885 1336 1918 studeat.
1361 1886 1519 1918 Piscator.
1563 1887 1633 1918 Nec
1647 1896 1698 1919 sa-

989 1936 1031 1966 tis
1043 1939 1172 1976 apparet
1187 1945 1242 1965 cur
1257 1945 1365 1966 versus
1379 1936 1527 1976 factitet]
1551 1937 1631 1968 Non
1644 1946 1700 1969 ss-

990 1985 1032 2015 tis
1062 1985 1280 2026 perspicuum
1312 1989 1376 2025 est,
1412 1986 1521 2016 utrius
1557 1988 1698 2019 sceleris

990 2044 1124 2076 poenam
1151 2035 1222 2066 luat
1245 2035 1353 2066 malus
1377 2034 1502 2075 Poeta,
1518 2035 1600 2067 dum
1622 2046 1698 2069 ver-

989 2094 1046 2116 sus
1071 2083 1235 2123 factitet;
1259 2084 1481 2126 sepulchrine
1508 2085 1638 2124 violati,
1654 2096 1696 2118 an

989 2134 1114 2166 sublati
1132 2135 1326 2167 bidentalis.

1031 2186 1093 2215 471
1117 2185 1171 2215 An
1182 2184 1275 2216 triste
1287 2185 1424 2217 bidental
1438 2185 1597 2227 Mos-erit]
1610 2185 1698 2219 Om-

986 2233 1037 2265 nis
1057 2234 1165 2271 locns,
1188 2233 1330 2267 fulmine
1353 2235 1456 2275 ictus,
1481 2236 1596 2268 statim
1621 2242 1698 2269 erat

988 2285 1178 2325 religiosus.
1222 2285 1271 2318 At
1294 2295 1393 2318 sacer
1417 2285 1611 2327 fiebat‚ara
1632 2287 1697 2319 ibi-

987 2334 1067 2366 dem
1081 2338 1252 2376 extructa,
1267 2339 1304 2367 et
1320 2335 1491 2368 sacrificio
1503 2334 1611 2368 facto.
1634 2336 1697 2368 Ss—

988 2383 1153 2416 crificium
1168 2390 1282 2417 autem
1298 2395 1342 2417 ex
1356 2380 1551 2418 bidentibus
1565 2386 1696 2419 ovibus.

989 2435 1089 2467 Unde
1104 2439 1140 2467 et
1163 2437 1174 2453 ⁴
1187 2435 1342 2468 bidental
1357 2436 1366 2450 ’
1388 2441 1559 2469 vocarunt
1573 2437 1697 2470 Rom·-

989 2485 1021 2516 ni
1038 2485 1149 2517 locum
1173 2483 1313 2518 fulmine
1340 2489 1484 2527 tactum,
1497 2490 1534 2518 et
1548 2486 1698 2520 bidenti-

987 2534 1052 2566 bus
1082 2534 1205 2567 ovibns
1233 2536 1422 2577 expiatum,
1442 2532 1696 2570 consecratum-

988 2595 1063 2626 que.
1111 2586 1198 2617 Eum
1232 2587 1346 2619 locum
1371 2596 1439 2619 nec
1463 2587 1607 2629 ingredi,
1631 2597 1696 2620 uec

988 2636 1121 2668 calcare
1149 2636 1203 2669 fas
1222 2643 1298 2669 erat
1316 2649 1326 2678 ς
1350 2638 1598 2681 sepiebautque
1617 2647 1693 2670 eum

987 2696 1097 2728 muro,
1112 2692 1148 2720 ut
1165 2688 1339 2731 ingressus
1351 2694 1538 2722 arceretur.
1563 2689 1694 2722 sams.
