1858 3184
275 212 387 256 1846

275 317 359 349 ἀει-ει
374 327 489 359 regum
517 319 741 351 Romanorum
759 329 836 352 cnm
853 320 972 352 Gabiis

275 373 333 398 ant
349 369 477 399 severis
503 369 634 401 Sabinis
655 370 734 409 icta,
757 374 793 401 et
815 379 856 401 ex
875 379 972 412 aequo

274 420 479 460 composita.

314 473 355 502 2⁵
382 470 531 516 Riguis]
568 473 668 505 Quod
691 481 774 504 vero
796 472 806 489 ‘
823 472 972 513 rigidos’

273 525 374 552 vocat
395 521 548 557 Sabinos,
570 521 605 553 id
629 523 673 554 ad
703 523 827 563 priscae
859 523 972 564 gentis

273 570 495 602 severitatem
512 569 730 604 referendum
740 575 813 604 est:
831 581 898 614 qno
911 582 971 604 no-

272 619 364 650 mine
380 621 482 651 etiam
497 621 634 653 Sabinae
659 623 834 663 praecipue
858 623 972 654 lauda·

274 667 411 699 bantur.
431 669 579 701 Turneb.
595 679 685 702 xxx.
701 674 754 703 29.
786 672 928 704 Tment.

315 721 358 749 26
388 719 578 761 Pontificum
607 720 715 762 libros]
751 722 877 755 Quales
913 722 972 762 qui

272 769 503 810 precationes,
533 770 657 812 quique
680 771 892 803 sacrificandi
918 782 971 803 ar-

271 823 354 858 tem,
382 824 442 850 aut
468 821 645 860 augurales
674 821 771 860 ritus,
791 827 827 853 et
851 822 972 854 similia

270 868 512 901 continebant:
537 876 652 911 potest
675 871 774 903 etiam
799 872 843 903 de
869 882 972 903 anna-

269 916 360 948 libus
386 918 546 960 intelligi.
583 921 726 953 Torreut.
780 922 971 963 Pontificum

270 967 380 1010 libros]
400 969 464 1002 Jus
489 970 687 1010 pontificale
717 970 761 1002 de
786 971 970 1004 sacrificiis.

269 1018 399 1050 Annosa
412 1020 570 1051 volumina
582 1020 704 1061 vatum]
725 1021 822 1052 Bene
831 1031 949 1052 annosa
956 1032 970 1059 ‚-

268 1068 355 1100 nulli
370 1069 458 1100 enim
475 1070 524 1101 rei
540 1080 637 1111 aeque
653 1080 694 1101 ac
719 1071 885 1102 vaticiniis
912 1081 970 1102 no·

268 1124 347 1149 men
371 1122 407 1149 et
432 1118 667 1150 celebritatem
695 1124 850 1151 vetustas
877 1129 970 1152 arro-

270 1170 351 1207 gat;
374 1167 490 1209 eisque
515 1168 689 1208 praecipue
714 1169 857 1200 Romani
876 1174 970 1201 tene-

268 1215 406 1255 bantur,
442 1216 486 1248 ob
516 1217 729 1250 divinitatem
763 1228 897 1260 nempe,
934 1224 971 1252 et

269 1265 439 1304 quandam
469 1267 617 1298 caelitum
646 1268 843 1299 societatem
873 1269 968 1301 nobi-

269 1313 441 1345 lissimam.
467 1316 598 1347 Plinius
614 1325 677 1348 vn.
694 1320 748 1348 33.
793 1318 884 1357 Ergo
899 1328 968 1349 om-

268 1372 329 1394 nes
342 1363 445 1395 libros
459 1374 541 1405 quos
557 1370 594 1397 et
607 1367 617 1383 ‘
636 1366 822 1406 vaticinos,'
838 1373 873 1399 et
895 1369 905 1385 ‘
917 1367 968 1399 fa·

269 1413 379 1454 tales,’
401 1419 437 1445 et
457 1415 468 1432 ‘
483 1414 662 1447 fatidicos’
683 1418 864 1450 dicebant:
887 1419 966 1451 hinc

269 1465 414 1505 intelligi
432 1475 531 1506 posse
548 1466 709 1499 arbitror.
730 1469 874 1500 Tor-rent.
899 1471 966 1501 An—

266 1523 341 1545 nosa
362 1515 516 1546 volumina
536 1517 657 1558 vatum]
681 1517 831 1560 Antiqua
851 1524 966 1551 vatum

268 1563 445 1605 praedicta.

309 1616 363 1645 27·
374 1614 496 1646 Albano
512 1615 625 1647 Mum
637 1616 672 1648 ιἰι
685 1620 788 1648 monte
810 1618 967 1659 loquum]

268 1663 395 1695 Facete
410 1665 603 1705 admodum,
631 1666 694 1698 sub
718 1667 808 1708 vulgi
824 1677 968 1709 persona

266 1714 422 1755 loquens,
440 1715 556 1746 Musas
579 1725 600 1746 e
615 1715 786 1748 Parnasso
798 1722 834 1749 et
850 1719 966 1750 Cithe-

266 1774 347 1796 rone
364 1766 504 1807 aliisque
520 1766 666 1799 Graecioe
693 1768 838 1800 collibus
856 1769 890 1800 in
907 1769 967 1801 ΑΙ-

266 1814 390 1846 banum
417 1821 567 1848 montem
597 1827 730 1858 magnae
761 1818 853 1859 apud
875 1819 967 1851 Lati-

264 1873 327 1895 nos
356 1866 581 1896 venerationis
607 1867 800 1899 transtulit:
826 1869 965 1909 perinde

265 1923 306 1945 ac
321 1915 347 1944 si
365 1923 427 1954 pro
444 1914 573 1945 Latinis
590 1925 665 1947 suas
686 1916 735 1947 ibi
749 1917 848 1948 sedes
861 1919 965 1950 collo-

264 1968 387 1994 casset.
419 1963 508 1994 Vide
535 1969 571 1995 et
599 1965 747 1997 Turneb.
779 1975 885 1998 xxvt.
911 1971 965 2000 24.

266 2013 409 2044 Torrent-
454 2013 566 2044 Mam
594 2014 629 2044 in
650 2014 768 2055 monte]
791 2015 823 2046 A
851 2016 964 2048 Musa-

266 2072 338 2094 rum
355 2071 414 2094 ore
429 2061 578 2095 fluxisse.

307 2115 349 2144 28
382 2112 421 2144 Si
448 2113 522 2153 quia
554 2113 751 2156 Gra-corum]
793 2115 963 2149 Graiorum

263 2162 391 2193 habent
417 2161 486 2193 duo
511 2164 730 2204 exemplaria.
785 2165 963 2198 Sententia

265 2215 378 2243 autem
393 2211 510 2243 liorum
538 2221 694 2244 versuum
717 2213 862 2245 obscura
885 2222 962 2255 est;

264 2271 340 2303 quae
355 2270 432 2293 meo
440 2261 575 2302 judicio
599 2264 648 2294 sic
672 2264 800 2304 poterit
815 2265 963 2305 explica-

264 2310 312 2342 ri:
337 2311 481 2352 Si,quia
505 2311 594 2343 inter
611 2312 810 2344 Graecorum
834 2314 963 2354 scripta

264 2359 498 2404 antiquissima
520 2371 662 2405 qna‘que
686 2363 790 2395 etiam
810 2369 888 2396 sunt
903 2374 962 2405 op-

264 2413 358 2452 tima,
370 2412 489 2444 eadem
506 2414 640 2444 omuino
662 2414 795 2445 ratione
818 2414 961 2446 Romani

264 2463 448 2503 scriptores
463 2462 625 2494 censendi
643 2464 807 2503 veniunt3
829 2473 895 2495 non
911 2469 963 2496 est

265 2521 327 2542 cur
353 2517 534 2553 tantopere
557 2512 752 2552 gloriemur,
773 2513 882 2556 ⁴ac-de
909 2523 962 2545 re-

264 2561 327 2592 bus
344 2562 467 2592 nostris
484 2562 663 2603 magnifice
673 2563 875 2595 sentiamus:
903 2573 961 2604 pe-

265 2609 363 2640 rinde
376 2620 416 2641 ac
437 2611 464 2641 si
480 2613 532 2642 vel
549 2612 638 2644 intra
663 2613 773 2646 oleam
797 2614 851 2645 vel
866 2620 963 2646 extra

264 2669 384 2690 nucem
402 2660 568 2692 nillil'duri
584 2672 657 2694 esse
673 2663 855 2695 manifesto
870 2674 961 2696 meu—

264 2709 365 2740 dacio
397 2711 654 2750 contendamus,
683 2711 801 2745 nostra
831 2713 962 2746 Graecis

264 2757 495 2799 praeferimus:
519 2764 555 2790 et
582 2765 694 2793 tamen
718 2762 958 2803 praeferimus;

738 225 878 256 No'rAE
910 224 1175 256 VAmoRUM
1210 226 1261 256 ΙΝ

1021 328 1102 360 ergo
1126 320 1222 351 nobis
1250 320 1331 361 ipsis
1363 319 1600 360 advenam-nu
1636 331 1714 354 narn

1019 372 1139 402 eodem
1159 369 1258 402 modo
1273 379 1340 411 quo
1355 369 1471 403 Graeci
1487 369 1630 403 Greco-
1641 373 1716 404 sola

1018 421 1222 462 antiquitate
1237 420 1431 459 excellunt3
1453 420 1503 451 sic
1526 420 1560 451 iu
1583 420 1716 453 uuiver-

1018 481 1088 502 sum
1119 471 1235 503 Graeci
1263 479 1380 502 omues
1406 470 1508 511 longo
1539 470 1717 503 intervallo

1019 521 1189 552 Romanos
1221 519 1442 552 antecedunt.
1497 519 1577 551 Duo
1598 520 1730 561 itaque,

1019 580 1134 602 versus
1158 570 1217 610 illi,
1243 570 1389 601 Venimus
1416 569 1458 601 ad
1482 579 1635 601 mmmm
1646 569 1719 608 sor-

1019 623 1114 656 tunoe,
1128 621 1182 660 850.
1200 629 1260 660 per
1274 620 1402 659 μίμησιν
1416 618 1608 660 accipiendi
1625 625 1716 661 sunt,

1019 678 1056 704 nt
1071 682 1211 714 quornm
1224 672 1396 704 sententia
1406 671 1567 703 Romanis
1579 680 1717 712 semper

1019 724 1052 754 in
1076 733 1135 754 ore
1158 723 1214 754 sit.
1256 723 1313 754 De
1341 731 1409 763 quo
1435 722 1483 752 sic
1513 721 1565 753 M.
1588 721 1716 753 Tullius

1018 773 1152 804 Tuscul.
1174 773 1307 805 Qnaest.
1336 771 1394 802 lib.
1416 779 1442 802 ι.
1479 775 1489 789 ‘
1506 770 1576 802 Sed
1603 780 1715 802 meum

1013 821 1181 862 judicium
1203 830 1338 862 semper
1356 819 1434 860 fnit,
1458 820 1569 852 omuia
1586 825 1716 851 nostros

1019 877 1079 904 aut
1095 872 1263 904 invenisse.
1279 881 1341 913 per
1354 881 1391 903 se
1404 870 1592 912 sapientius
1614 880 1715 911 quam

1018 921 1172 961 Graecos,
1197 927 1256 953 aut
1277 925 1420 962 accepta
1440 920 1483 952 ab
1510 920 1576 951 illis
1591 919 1715 952 fecisse

1019 972 1169 1012 meliora,
1193 981 1268 1010 quae
1291 970 1428 1013 quidem
1450 970 1554 1011 digna
1577 971 1717 1002 statuis-

1018 1027 1094 1053 sent
1121 1022 1154 1053 in
1179 1021 1300 1062 quibus
1328 1019 1568 1052 elaborarent!
1601 1020 1716 1052 Inter-

1019 1071 1106 1102 valla
1121 1076 1234 1102 antem
1248 1070 1584 1111 tempornm‚qnibus
1599 1070 1715 1102 Graeci

1018 1130 1059 1152 ac
1075 1120 1219 1152 Romani
1234 1120 1418 1160 scriptores
1427 1114 1587 1159 floruere,
1603 1119 1716 1152 decla-

1017 1175 1072 1201 rat
1101 1170 1232 1202 Gellius
1266 1169 1327 1201 lib.
1356 1178 1453 1201 xvir.
1477 1178 1553 1210 cap.
1585 1169 1718 1202 ultimm

1018 1219 1181 1251 Breviter
1195 1218 1309 1260 igitur,
1322 1224 1380 1251 aut
1393 1219 1594 1258 desinamus,
1607 1219 1718 1261 inquit

1018 1269 1197 1310 Horatius,
1225 1271 1341 1301 nostra
1368 1269 1499 1302 Graecis
1527 1275 1624 1301 tanto
1641 1269 1715 1310 jam

1018 1326 1171 1360 tempore
1198 1319 1366 1360 prioribus
1389 1324 1622 1359 anteponere3
1653 1324 1715 1351 aut

1016 1368 1184 1400 fateamur
1197 1368 1322 1408 colligi.
1337 1368 1414 1399 ideo
1425 1369 1502 1409 quia
1510 1368 1601 1408 apud
1615 1367 1715 1400 Grae-

1016 1428 1072 1450 cos
1089 1419 1137 1450 sic
1153 1418 1311 1458 contigit,
1326 1418 1416 1458 apud
1432 1427 1492 1449 nos
1507 1426 1640 1460 qnoque
1653 1427 1715 1449 no·
1764 1413 1768 1419 '

1016 1478 1075 1500 vos
1090 1479 1110 1500 a
1125 1468 1296 1499 veteribus
1312 1468 1477 1509 superari.
1495 1467 1638 1499 Tor-rent.
1660 1467 1714 1508 Si,

1014 1518 1087 1559 quia
1118 1517 1300 1548 Groecorum
1324 1518 1412 1559 sunt]
1449 1517 1546 1549 Ordo
1576 1522 1651 1548 est:
1675 1518 1713 1549 Si

1016 1569 1094 1609 quia
1124 1568 1254 1609 scripta
1287 1567 1486 1599 Graecorum
1519 1573 1599 1598 suut
1627 1568 1713 1599 auti-

1015 1618 1187 1659 quissima,
1202 1622 1281 1649 sunt
1297 1617 1400 1648 etiam
1423 1617 1565 1658 optima,
1581 1617 1712 1649 idcirco

1016 1668 1156 1700 Romani
1183 1668 1384 1708 scriptores,
1411 1677 1478 1709 quo
1506 1667 1712 1709 antiquiores

1016 1722 1130 1757 eruut,
1145 1726 1186 1748 eo
1199 1713 1355 1748 melio‘res
1367 1716 1600 1748 habebuntur:
1617 1722 1712 1748 certe

1015 1767 1099 1798 nihil
1112 1772 1221 1798 restat
1232 1766 1299 1798 nisi
1312 1770 1352 1798 ut
1364 1766 1571 1808 denegemus
1585 1775 1627 1798 ea
1636 1775 1712 1807 quae

1016 1821 1095 1848 sunt
1110 1816 1290 1855 naturalia,
1303 1815 1434 1847 scilicet
1447 1815 1538 1857 quod
1552 1816 1627 1848 olea
1645 1824 1713 1848 non

1015 1866 1119 1897 habet
1141 1866 1231 1897 intra
1253 1875 1290 1897 se
1319 1865 1485 1906 lapillum,
1509 1874 1620 1907 neque
1643 1875 1712 1897 nux

1015 1920 1115 1946 extra
1125 1925 1161 1945 se
1177 1915 1353 1946 corticem.

1057 1966 1099 1994 30
1115 1964 1189 1995 Non
1202 1967 1248 1994 est
1264 1964 1344 2003 quod
1357 1963 1470 2003 mua]
1483 1963 1526 1994 Τὸ
1539 1965 1632 2004 quod,
1649 1973 1711 2005 pro

1016 2014 1026 2030 ⁴
1042 2013 1126 2044 cur.'
1168 2013 1294 2044 Sensus
1316 2018 1394 2044 est:
1417 2013 1559 2045 Frustra
1581 2024 1657 2046 cum
1674 2014 1710 2045 id

1016 2072 1121 2103 genus
1143 2062 1329 2094 hominibus
1351 2063 1610 2102 contendimus;
1632 2074 1711 2096 nam

1014 2112 1130 2143 uicere
1159 2112 1240 2143 nihil
1262 2122 1339 2144 esse
1362 2113 1500 2145 doctum
1522 2123 1584 2146 nec
1610 2115 1711 2146 laude

1014 2162 1163 2203 dignum,
1178 2162 1241 2193 nisi
1259 2162 1348 2203 quod
1364 2168 1418 2194 est
1433 2164 1606 2204 antiquum
1620 2175 1628 2195 τ
1645 2165 1710 2197 hoc

1012 2212 1156 2252 perinde
1181 2217 1235 2244 est
1257 2222 1297 2244 ac
1324 2213 1351 2244 si
1374 2222 1450 2245 cnm
1473 2214 1608 2246 ratione
1622 2215 1711 2246 insa-

1011 2262 1106 2292 nias:
1131 2263 1206 2303 quis
1228 2263 1316 2294 enim
1339 2273 1430 2295 sanae
1453 2265 1594 2304 mentis,
1613 2266 1710 2297 nucis

1011 2312 1174 2343 corticem
1199 2317 1304 2353 neget
1332 2322 1407 2344 esse
1435 2313 1576 2344 duram?
1611 2315 1708 2355 Cruq.

1013 2362 1087 2392 Non
1114 2365 1161 2392 est
1191 2363 1271 2402 quod
1300 2362 1397 2393 malm
1425 2356 1600 2403 loquamur]
1637 2364 1708 2395 Cur

1010 2412 1118 2443 multa
1134 2412 1320 2453 loquamur.

1053 2463 1092 2492 31
1119 2461 1180 2492 Nil
1196 2461 1282 2492 inem
1304 2464 1352 2493 ert
1368 2462 1476 2501 oleam,
1489 2462 1535 2493 nil
1555 2466 1647 2495 extra
1661 2468 1710 2496 ese

1010 2512 1044 2543 in
1057 2521 1134 2543 nuce
1147 2510 1234 2551 dur-i]
1258 2511 1423 2543 Horatius
1446 2513 1563 2544 volens
1580 2514 1709 2556 signifi-

1011 2570 1088 2593 care
1113 2558 1274 2592 summam
1306 2561 1355 2592 rei
1378 2561 1636 2603 absurditatem,
1656 2565 1706 2595 sic

1011 2611 1208 2642 concludit:
1232 2610 1262 2642 si
1285 2611 1349 2642 hoc
1368 2610 1430 2652 (de
1445 2621 1512 2653 qno
1528 2613 1630 2654 dixit)
1651 2623 1708 2645 ve·

1012 2673 1084 2695 rum
1109 2668 1213 2704 atque
1239 2671 1372 2704 aequnm
1399 2668 1474 2703 est3
1498 2664 1602 2695 etiam
1625 2664 1706 2696 illud

1012 2723 1127 2746 verum
1143 2721 1207 2752 est,
1231 2723 1342 2754 neque
1364 2713 1522 2745 nucleum
1537 2715 1633 2755 oleae,
1649 2724 1706 2746 ne-

1011 2772 1077 2805 que
1093 2763 1187 2795 nucis
1204 2763 1350 2804 ligneum
1373 2768 1534 2804 putamen
1549 2773 1623 2795 esse
1644 2765 1704 2795 du-
