1858 3184
267 224 380 268 1890

265 329 437 362 lescentis.
482 330 644 367 Maturus,
664 329 876 370 grandaeviiS‚
889 340 965 363 coc-

264 385 319 412 tus
346 384 465 420 aetate,
493 385 531 412 ut
556 381 606 412 ita
630 380 756 420 dicam,
787 381 965 421 epitheton

262 430 438 471 proprium
454 435 507 462 est
521 440 651 471 senum,
665 435 704 462 ut
719 431 728 448 ‘
743 430 965 472 immaturus‚’

260 480 529 513 adolescentum.
559 480 707 512 Turneb.
731 489 826 513 xxn.
853 485 904 513 11.
927 486 964 513 et

261 534 314 564 18.
332 532 489 564 Nunnius.
522 531 709 562 Matar-usne
719 532 831 573 senex]
851 532 962 563 AEtate

259 581 410 623 grandis.
462 581 610 612 Florente
629 581 762 619 juventa
795 582 961 623 Fervidus]

263 632 431 671 Fen-idus,
462 631 656 670 vehemens,
683 632 824 664 calidus.
877 633 962 664 Pro-

263 682 359 723 prius
378 683 543 724 juvenum
569 686 606 713 et
629 682 885 714 adolescentum
908 688 962 714 est

259 730 375 763 fervor
391 736 427 763 et
442 732 536 763 calor
551 736 694 763 natnrae.
718 733 876 765 Nunnius.

301 785 364 815 116
388 783 556 824 Fervidus]
594 782 750 815 Juvenis.
806 784 959 816 Matrona

251 832 376 873 potens]
406 833 559 864 Foemina
586 833 784 865 clarissima.
843 833 959 866 Sedula

253 883 381 924 nutrix]
406 883 533 914 Nutrix
551 881 710 915 officiosa.

298 935 359 964 11⁷
384 932 584 964 Mercatorne
611 934 725 975 vagus]
768 934 837 967 Qui
869 935 956 966 lucri

253 992 374 1014 caussa
389 984 520 1025 quaevis
534 983 643 1015 maria
657 988 909 1024 transcurrunt,
922 989 957 1016 et

252 1036 362 1064 terras
385 1034 617 1074 perlustrant:
639 1032 650 1050 ‘
667 1033 821 1074 Impiger
841 1038 957 1066 extre-

251 1091 326 1114 mos
342 1083 450 1114 currit
474 1087 647 1114 mercator
669 1083 711 1114 ad
741 1083 862 1123 Indos,
885 1085 956 1116 Per

250 1141 343 1163 mare
372 1132 569 1172 pauperiem
600 1131 751 1173 fugiens,
776 1143 839 1174 per
860 1143 954 1175 saxa,

250 1191 315 1223 per
329 1181 455 1223 ignes.'.
474 1182 631 1214 Nunnius.

294 1234 357 1263 118
383 1231 517 1263 Colchus
546 1242 586 1263 un
611 1232 780 1273 Assyrius]
819 1234 955 1266 Colchis

248 1282 346 1321 regio
374 1283 408 1312 in
433 1282 588 1322 Scythia,
605 1282 662 1313 ubi
685 1282 806 1314 Phasis
829 1283 953 1316 fluvius

248 1329 414 1369 decurrit,
430 1331 520 1362 unde
548 1331 665 1362 attulit
689 1333 796 1363 vellus
813 1343 951 1365 aureum

246 1382 364 1422 Jason,
379 1382 515 1414 Medeae
538 1383 666 1422 patria,
687 1393 827 1423 regnum
852 1384 951 1417 AEtae.

247 1432 395 1464 Colchus
411 1442 494 1473 ergo
506 1431 606 1463 fen-ox
621 1436 657 1463 et
671 1431 854 1472 barbarus3
872 1443 951 1465 con-

244 1485 300 1514 tra
314 1481 474 1523 Assyrius
499 1481 609 1513 mollis
630 1486 666 1513 et
681 1487 877 1523 enervatus,
893 1483 952 1515 de-

243 1532 331 1563 liciis
363 1537 400 1564 et
436 1531 655 1571 aromatibus,
696 1533 878 1574 unguentis
915 1538 951 1566 et

241 1581 339 1613 luxui
365 1582 513 1613 deditus.
558 1582 655 1613 Bene
684 1591 768 1623 ergo
791 1584 950 1625 praecipit

242 1632 425 1672 Horatius,
439 1636 478 1663 ut
492 1632 603 1664 Poeta
619 1632 785 1673 cujusque
801 1634 948 1666 nationis

241 1690 354 1712 mores
384 1681 556 1712 observet.
602 1681 672 1712 Pro
701 1682 802 1722 genio
832 1683 949 1725 itaque

239 1730 362 1771 patriae
376 1730 508 1772 fingere
524 1734 627 1771 atque
643 1732 837 1771 exprimere
847 1742 948 1774 opor-

240 1785 292 1812 tet
314 1780 479 1820 indolem,
494 1779 816 1822 observandumque
836 1785 876 1814 ut
898 1782 948 1814 in-

240 1829 310 1861 doli
324 1830 491 1871 cujusque
508 1830 615 1861 verba
637 1835 758 1862 nostra
781 1836 950 1872 attempe-

240 1888 366 1910 remus.
398 1880 555 1911 Nunnius.
616 1880 758 1916 Colchus,
781 1891 823 1912 aa
847 1881 946 1923 Assy-

238 1929 322 1968 rias]
358 1928 449 1961 Quia
480 1929 623 1959 multum
656 1928 774 1960 differt
803 1930 897 1961 natio
925 1941 946 1962 a

238 1978 393 2015 natione,
407 1977 500 2008 locus
515 1986 535 2007 a
550 1977 639 2008 loco.
679 1977 791 2008 Thebis
806 1979 946 2011 nutritus

237 2035 278 2057 aa
296 2026 413 2066 Argis]
437 2026 600 2057 Ostendit
623 2026 728 2057 etiam
756 2026 942 2060 discrimen

236 2076 440 2107 servandum
458 2076 579 2117 inipso
594 2077 816 2108 nutrimento.
838 2078 941 2110 Tales

237 2125 326 2157 enim
339 2125 539 2166 plerumque
550 2125 702 2158 evadunt
711 2127 940 2169 alumni,qua-

236 2175 287 2206 les
303 2178 383 2207 sunt
398 2175 456 2216 qui
473 2175 642 2212 nutriunt,
658 2180 719 2207 aut
742 2177 834 2217 apud
858 2186 940 2218 quos

235 2225 447 2256 nutriuntur.
504 2225 558 2256 An
587 2225 702 2266 Argis]
740 2226 879 2258 Dicitur
905 2231 941 2259 et

236 2273 249 2292 ‘
265 2273 351 2314 Argi
375 2274 570 2315 Argorum.’
596 2279 633 2306 et
660 2279 668 2292 ¹
687 2274 798 2315 Argos
818 2275 903 2317 Argi
917 2276 938 2316 ;’

235 2323 314 2366 hinc
329 2324 339 2341 ‘
352 2323 489 2363 Argivi'
503 2328 539 2356 et
554 2323 565 2341 ‘
575 2323 754 2364 Argolici,’
767 2335 829 2366 pro
841 2326 938 2358 Grae-

236 2374 285 2404 cis
300 2373 356 2414 qui
371 2374 414 2404 ad
431 2373 571 2419 Troiam
583 2379 771 2414 venerant;
791 2384 833 2407 eo
846 2376 936 2418 quod

235 2431 297 2454 rex
314 2428 350 2454 et
365 2423 437 2455 dux
460 2423 591 2455 militioe
615 2423 849 2463 Agamemnon
871 2424 937 2463 Are

236 2472 332 2512 givus
349 2480 455 2504 esset.
480 2473 638 2505 Nunnius.

281 2525 342 2554 119
364 2523 556 2561 Autfamam
569 2524 708 2565 sequere]
730 2524 834 2556 Aliud
850 2534 935 2566 prae-

237 2578 376 2611 ceptum
399 2573 432 2604 in
451 2573 617 2613 fingendis
638 2574 795 2607 nimirum
821 2584 936 2616 perso-

236 2621 309 2652 nis:
335 2623 543 2663 sequendum
564 2624 729 2666 quidquid
752 2625 852 2666 vulgo
867 2623 936 2657 fer-

236 2675 304 2709 tur,
319 2677 389 2707 aut,
405 2672 433 2702 si
450 2673 593 2704 nolimus
606 2682 818 2715 communem
834 2673 936 2706 homi-

237 2728 316 2751 num
332 2721 426 2760 sequi
439 2722 646 2761 opinionem,
663 2722 722 2754 sed
739 2732 860 2755 novam
874 2722 937 2755 fin-

238 2780 319 2812 gere
335 2775 371 2803 et
384 2771 548 2805 inducere
568 2783 758 2817 personam,
770 2774 936 2817 fingamus

727 236 872 268 No'rAE
905 235 1173 269 VARIORUM
1207 236 1258 268 ΙΝ

1018 333 1133 372 talem,
1151 336 1190 364 ut
1206 331 1287 364 nihil
1303 331 1348 364 sit
1364 334 1490 373 praeter
1503 330 1663 366 decorum
1679 338 1716 366 et

1015 381 1165 413 indolem
1186 391 1354 423 personae.
1378 381 1536 414 Nunnius.
1579 382 1647 418 Aa
1658 383 1717 421 sa·

1014 441 1096 462 niam
1106 431 1245 472 sequere]
1257 432 1292 463 Si
1305 436 1433 463 certam
1445 431 1623 463 historiam
1633 433 1716 464 seri·

1014 480 1087 521 bas,
1113 491 1256 522 sequere
1282 480 1420 521 famam,
1448 486 1550 522 prout
1572 481 1615 513 ab
1641 481 1716 514 alii·

1014 532 1196 571 accepisti.
1227 531 1295 563 Aut
1313 532 1375 563 sibi
1387 531 1726 576 convenientia-finge]-

1014 581 1073 612 Sin
1103 582 1279 613 historiam
1308 582 1429 622 fingas,
1454 581 1580 612 habeat
1607 584 1714 613 artem

1012 630 1212 671 figmentum
1229 636 1337 673 tuum,
1351 632 1399 663 ita
1417 635 1455 663 ut
1469 636 1621 662 extrema
1635 640 1715 663 cunt

1013 680 1144 720 primis,
1169 686 1312 722 utraque
1340 691 1417 712 cum
1443 681 1566 712 mediis
1591 689 1716 713 conve-

1011 729 1121 770 uiant,
1133 734 1169 761 et
1190 740 1251 761 sua
1274 730 1396 771 cuique
1419 739 1573 771 personae
1590 739 1713 762 conve-

1010 779 1141 811 nientia
1156 781 1298 812 tribnas.

1053 833 1116 861 120
1139 829 1356 871 Honoratum]
1395 829 1494 869 Ideo,
1523 829 1613 871 quod
1641 839 1714 862 om-

1008 880 1100 911 nium
1138 890 1238 921 paene
1276 882 1490 921 Scriptorum
1529 880 1711 921 praconiis

1008 930 1218 967 celebretur,
1247 940 1288 962 ac
1318 931 1392 962 Diis
1425 930 1507 971 ipsis
1531 939 1629 961 carus
1655 930 1713 961 sit.

1007 982 1166 1014 Nunnius.
1211 982 1412 1013 Honoratum
1434 981 1464 1013 si
1479 981 1586 1021 forte]
1611 981 1711 1022 Mag-

1006 1041 1087 1063 num
1103 1037 1139 1064 et
1154 1033 1321 1064 illustrem
1338 1031 1520 1071 Achillem,
1533 1031 1563 1062 si
1579 1030 1621 1062 ad
1639 1031 1711 1062 Ho-

1006 1083 1092 1114 meri
1117 1082 1344 1114 imitationem
1372 1081 1561 1113 describas.
1606 1082 1709 1122 Repo-

1005 1132 1070 1172 πίε]
1095 1132 1226 1164 Iterum
1246 1126 1440 1171 ,introducis
1462 1130 1497 1162 in
1526 1131 1710 1169 theatrum,

997 1181 1071 1222 jam
1095 1187 1197 1213 antea
1219 1181 1356 1213 scilicet
1377 1180 1422 1213 ab
1436 1180 1513 1213 aliis
1532 1181 1710 1214 introduc·

1005 1236 1089 1263 tum.
1122 1232 1278 1264 Piscator.

1050 1284 1109 1312 121
1133 1281 1288 1322 Impn'ger,
1314 1281 1498 1322 iracundus]
1521 1281 1634 1312 Velox
1660 1281 1707 1313 sit

1004 1334 1040 1361 et
1063 1336 1236 1362 strenuus.
1281 1331 1470 1370 Iracundus]
1498 1330 1640 1362 Iliadem
1661 1331 1706 1363 ab

1002 1380 1074 1420 ejus
1097 1381 1148 1412 ira
1171 1390 1314 1412 exorsus
1330 1384 1384 1412 est
1402 1380 1588 1412 Homerus.
1631 1380 1706 1412 Ira-

1003 1434 1057 1460 tns
1074 1435 1187 1462 autem
1204 1435 1280 1462 erat
1296 1430 1462 1470 Achilles,
1479 1431 1621 1472 abrepta
1639 1431 1706 1462 sibi

1001 1479 1172 1520 Briseide,
1197 1479 1446 1521 Agamemnoni
1468 1481 1567 1521 adeo,
1585 1485 1624 1512 nt
1644 1480 1705 1512 de-

1000 1529 1119 1569 positis
1141 1531 1243 1561 armis
1263 1530 1400 1561 domum
1424 1530 1537 1562 redire
1553 1530 1703 1562 destina-

999 1583 1064 1619 ret,
1080 1589 1218 1621 remque
1233 1579 1433 1612 Graecorum
1457 1589 1556 1621 paene
1573 1580 1703 1620 collap-

998 1638 1069 1660 sam
1094 1639 1230 1670 pessum
1253 1630 1318 1670 ire,
1338 1638 1524 1672 eorumque
1547 1635 1662 1661 castra
1681 1640 1701 1662 a

997 1680 1156 1720 Trojanis
1175 1680 1321 1720 expilari
1340 1680 1481 1712 sineret.
1517 1680 1702 1712 luxmu-

997 1729 1052 1770 lis]
1083 1731 1227 1762 Exorari
1255 1730 1344 1762 enim
1374 1731 1418 1763 ab
1445 1730 1701 1771 Agamemnone

997 1779 1054 1811 vix
1076 1781 1202 1821 potuit,
1223 1785 1263 1812 ut
1285 1790 1379 1813 arma
1402 1786 1608 1820 resumeret,
1621 1782 1701 1813 mis-

996 1839 1135 1871 samque
1155 1830 1199 1862 ab
1215 1830 1335 1862 eodem
1361 1839 1424 1872 per
1445 1830 1701 1864 honestissimos

999 1880 1089 1911 viros
1115 1881 1323 1922 legationem
1353 1880 1560 1922 repudiavit.
1601 1880 1702 1922 Acer]

997 1929 1039 1960 Id
1055 1933 1119 1967 est,
1133 1931 1328 1962 vehemens.
1373 1931 1463 1962 Nam
1487 1931 1587 1972 odiis,
1607 1941 1699 1964 arno-

995 1978 1087 2009 ribus
1114 1978 1295 2010 vehemens
1319 1978 1398 2018 fuit,
1413 1984 1450 2010 et
1474 1980 1601 2021 ubique
1627 1985 1697 2013 tam

994 2028 1179 2068 violentus,
1195 2032 1233 2060 ut
1249 2028 1314 2069 ipsi
1329 2028 1432 2060 etiam
1447 2027 1698 2070 Agamemnoni

992 2076 1165 2109 formidini
1184 2077 1299 2109 fuerit.
1322 2078 1481 2110 Nunnius.
1691 2094 1693 2096 ·

1038 2130 1099 2159 122
1120 2128 1205 2159 «Iura
1231 2131 1325 2167 neget
1350 2129 1412 2160 sibi
1432 2129 1525 2170 nata]
1548 2130 1696 2172 Propria

992 2178 1064 2209 haec
1086 2182 1166 2209 sunt
1187 2178 1303 2210 militis
1326 2178 1497 2211 violenter
1518 2180 1630 2212 omnia
1645 2181 1695 2212 in-

991 2226 1119 2259 vadere
1137 2227 1323 2268 cupientis,
1338 2229 1397 2270 qui
1419 2230 1545 2261 nemini
1562 2234 1697 2271 parcat,

991 2276 1051 2308 sed
1063 2277 1176 2308 omnia
1191 2277 1432 2319 depopuletur.
1448 2278 1606 2311 Nunnius.
1633 2280 1695 2310 Ju-

989 2336 1026 2358 ra
1041 2326 1148 2366 neget]
1168 2326 1222 2358 Sit
1237 2328 1348 2368 legum
1364 2332 1594 2369 contemptor.
1627 2328 1691 2360 Ni·

988 2376 1035 2407 hil
1045 2385 1107 2407 non
1120 2379 1248 2416 arroget
1262 2376 1376 2417 armis]
1391 2376 1517 2409 Omnia
1533 2381 1636 2418 putet
1651 2388 1690 2411 se

990 2426 1093 2457 armis
1107 2426 1270 2467 consequi
1285 2436 1398 2468 posse.

1034 2477 1095 2506 123
1118 2474 1173 2507 Sit
1201 2476 1316 2508 Medea
1336 2476 1452 2518 ferox]
1489 2477 1583 2510 Nota
1607 2487 1691 2512 vero

989 2524 1062 2564 ejus
1089 2525 1276 2557 crudelitas
1297 2535 1316 2557 e
1331 2526 1474 2558 Senecas
1498 2528 1689 2569 tragoediis.

989 2575 1150 2607 Nunnius.
1194 2575 1248 2607 Sit
1274 2576 1390 2608 Medea
1402 2575 1516 2617 ferox]
1538 2577 1593 2610 sit
1611 2578 1689 2611 Me-

988 2625 1052 2656 dea
1068 2626 1217 2658 animosa
1226 2630 1264 2658 et
1277 2626 1471 2667 vehemens,
1486 2635 1575 2668 qun,
1588 2627 1689 2660 διιο-

987 2677 1038 2707 nis
1062 2675 1238 2716 perfidiam
1257 2677 1342 2716 ulta,
1356 2676 1445 2708 filios
1459 2677 1492 2708 ei
1506 2677 1687 2709 comeden-

987 2725 1048 2757 dos
1074 2727 1246 2766 apposuit,
1271 2725 1479 2767 fratremque
1499 2725 1685 2767 Absyrtum

973 2776 1218 2809 obtruncavit.
1277 2773 1476 2817 lucidaque]
1505 2775 1684 2816 Insuper--
