1858 3184
245 241 359 284 1894

249 347 326 379 Hoc
357 352 422 387 est,
451 348 572 380 nititur
603 357 668 379 non
697 357 715 378 e
740 347 871 387 magnis
903 347 946 377 ad

245 407 350 438 parva
366 398 586 434 descendere,
600 398 659 430 sed
676 408 695 428 a
709 398 823 437 parvis
839 402 874 428 et
886 397 946 427 liu-

714 253 855 284 NoTAE
889 251 1156 283 vAmoRUM
1190 252 1243 282 ΙΝ

999 355 1134 377 xxviii.
1165 348 1197 376 4.
1241 344 1395 376 Nunnius.
1443 344 1509 375 Nec
1544 344 1695 386 reditum]

999 396 1074 427 Nec
1103 395 1250 427 reditum
1274 393 1453 426 Diomedis
1476 392 1697 427 abeno'rro-

245 448 378 480 milibus
390 449 433 480 ad
447 450 575 490 majora
592 449 762 479 devenire.
786 447 946 478 Nunnius.
989 447 1089 487 jano,
1120 450 1179 477 aut
1207 446 1306 477 aliam
1335 444 1567 477 narrationem
1600 444 1698 477 nimis

247 499 453 538 Nonfumum
474 498 666 538 exsulgore]
697 498 821 529 Fumus
838 497 946 538 fulgo-

247 559 316 580 rem
334 550 495 591 subsequi
520 547 784 590 proverbialiter
804 548 871 579 dici
888 557 946 589 po-

245 604 328 639 test,
344 600 478 640 quando
504 608 546 630 ex
571 597 759 639 magnificis
776 597 946 639 promissis

246 651 363 680 tenuia
392 654 429 680 et
454 649 642 680 mediocria
669 647 862 689 prodeunt:
888 649 947 679 lux

245 703 358 730 autem
383 699 510 731 dicitur
531 698 660 730 fumum
685 697 795 740 sequi,
813 699 946 739 quando

246 758 289 780 ex
313 749 493 781 humilibus
525 749 758 790 splendidiora
779 750 946 789 existunt,

247 809 346 842 quam
364 805 443 831 sunt
461 800 638 841 promissa.

290 853 353 883 144
380 851 424 882 Ut
451 851 603 892 speciosa]
636 851 752 892 Digna
775 846 945 892 spectatu.

247 901 407 933 Nunnius.
456 902 499 933 Ut
510 902 656 942 speciosa,
669 900 740 942 ἔξω]
763 902 857 933 Utin
871 911 947 942 pro·

245 961 345 984 cessu
370 957 524 984 monstra
539 952 708 983 homiuum
725 953 779 983 vel
797 951 947 984 ferarum

246 1001 338 1033 dicat
350 1002 520 1044 speciosa,
537 1002 571 1033 id
583 1006 648 1043 est,
661 1002 831 1034 immania.
859 1002 947 1034 Nam

245 1061 391 1094 corpora
414 1058 512 1084 vasta
543 1053 619 1093 plus
649 1052 777 1084 habent
806 1053 947 1094 speciei,

249 1112 349 1144 quam
363 1103 498 1144 exigua.

290 1155 352 1185 145
374 1152 588 1193 Antiphaten]
629 1151 874 1191 Laestrigonum
896 1161 948 1182 re·

246 1209 336 1245 gem,
356 1203 528 1235 hominnm
557 1207 761 1235 voratorem.
799 1202 946 1244 Scyllam-

245 1254 319 1295 que]
345 1253 490 1285 Hecatae
514 1253 628 1292 filiam,
655 1254 752 1294 cujus
770 1253 878 1284 latera
893 1262 948 1285 ca-

245 1303 345 1334 nibus
361 1303 567 1334 latrantibus
585 1303 760 1334 succincta
777 1302 880 1334 fuisse
897 1303 947 1334 di-

245 1359 382 1386 cuntur.
428 1354 473 1384 Et
488 1363 556 1384 cum
572 1353 721 1394 Cyclope]
746 1354 831 1385 Cum
845 1354 948 1395 Poly-

246 1403 369 1445 phemo
393 1403 587 1443 voraginem
614 1404 775 1434 marinam
800 1404 834 1435 in
858 1403 947 1436 freto

246 1453 374 1485 Siculo.
421 1453 567 1495 Cyclope]
601 1453 750 1495 Cyclops
772 1455 828 1486 hic
843 1455 948 1496 Poly-

245 1504 387 1545 phemus
413 1504 540 1545 dictus,
563 1505 661 1546 cujus
685 1515 767 1547 erga
783 1505 946 1538 Galathe-

246 1564 300 1586 am
317 1564 446 1587 amores
470 1556 649 1596 eleganter
665 1556 830 1588 describit
843 1557 947 1589 Theo-

246 1605 351 1636 critus
375 1610 411 1636 et
437 1605 581 1638 Ovidius
607 1606 641 1636 in
666 1606 948 1648 Metamorphosi.

249 1656 457 1697 Charybdim]
470 1656 662 1698 Charybdis
676 1663 863 1689 monstrum
879 1668 948 1690 ma·

247 1706 356 1737 riuum
387 1705 455 1738 fnit
483 1707 589 1738 multo
617 1707 950 1748 periculosissimum,

246 1757 358 1788 onmia
373 1765 511 1788 vomens
528 1762 564 1789 et
577 1766 767 1796 revomens,
780 1757 838 1789 ubi
851 1757 949 1799 Ulys-

247 1817 301 1838 ses
315 1806 524 1849 naufragium
542 1817 659 1849 passus
676 1813 741 1848 est,
753 1813 788 1840 et
805 1817 824 1839 e
840 1808 949 1850 capri-

245 1857 311 1889 fico
329 1867 364 1889 se
381 1857 572 1898 suspendit.
598 1859 755 1890 Nunnius.

290 1910 353 1939 146
378 1907 446 1938 Nec
461 1908 595 1939 reditum
611 1908 791 1949 Diomedis]
823 1908 949 1940 Docuit

246 1957 411 1987 hactenns
442 1957 607 1988 Horatius
634 1967 709 1999 qnae
734 1958 766 1988 in
797 1957 948 1989 Homero

247 2007 354 2037 virtus
381 2008 416 2038 in
442 2008 584 2039 exordio
608 2008 757 2047 eluceat,
779 2008 947 2048 principio

246 2057 403 2088 nimirum
420 2056 546 2089 vitasse
556 2058 774 2098 jactantiam,
790 2058 947 2089 maluisse

245 2106 484 2146 humilitatem,
514 2112 550 2138 ut
575 2112 697 2147 postea
718 2116 802 2147 opus
819 2107 947 2148 magni-

244 2156 503 2197 fice'assurgat.
553 2157 653 2188 Nunc
679 2156 853 2198 subjungit
881 2168 945 2189 non

245 2216 321 2238 esse
336 2207 405 2238 alte
425 2207 647 2248 repetendum
672 2208 862 2248 exordium,
880 2218 945 2240 non

245 2256 426 2288 errandum
456 2257 576 2288 eodem
605 2257 735 2293 ordine,
767 2268 832 2298 quo
863 2259 946 2298 alii;

245 2308 400 2349 quiedam
430 2307 535 2339 etiam
560 2308 759 2349 omittenda,
783 2319 857 2350 quie
878 2319 945 2341 non

245 2358 326 2390 satis
349 2357 540 2400 splendoris
556 2359 694 2390 liabent.
742 2360 793 2390 Ex
809 2360 946 2402 obliquo

245 2412 358 2439 autem
377 2413 515 2440 taxatur
531 2408 754 2441 Antimachus
775 2410 945 2452 Cyclicus,

246 2459 302 2498 qui
322 2458 466 2490 reditum
486 2459 659 2490 Diomedis
674 2459 836 2501 principis
847 2461 946 2492 Grae-

245 2517 362 2540 corum
380 2519 400 2540 a
421 2510 520 2551 Troja
542 2509 576 2541 in
599 2509 769 2542 Graeciam
789 2520 943 2551 narrans,

997 498 1095 537 longe
1111 498 1253 538 repetit,
1270 496 1304 528 id
1320 502 1386 538 est,
1398 505 1467 528 non
1482 496 1587 528 sumit
1609 495 1699 536 prin-

996 547 1122 588 cipium
1162 547 1330 589 poematis
1358 557 1378 578 a
1406 547 1518 588 prima
1546 547 1722 588 origine:-

997 599 1154 639 praecipit
1169 599 1258 629 enim
1287 594 1404 630 Poeta
1416 598 1520 639 longo
1536 597 1699 639 prooemio

996 658 1063 679 non
1080 657 1155 679 esse
1172 648 1351 679 utendum.
1627 637 1643 658 '⁴

1040 701 1101 731 147
1126 700 1193 730 Nec
1205 699 1328 739 gemino
1344 697 1470 739 bellum]
1493 698 1560 732 Qui
1572 697 1700 730 bellum

995 750 1178 791 Trojauum
1202 755 1329 789 narrat,
1355 750 1474 781 vitiose
1497 759 1541 780 ex
1557 759 1598 780 eo
1615 753 1700 780 tem-

998 810 1081 842 pore
1103 801 1235 841 incipit,
1257 810 1324 842 qno
1344 799 1486 840 Jupiter
1502 799 1566 830 sub
1582 798 1699 839 specie

997 852 1096 892 cygni
1113 861 1188 883 cum
1216 851 1308 882 Leda
1324 855 1431 882 matre
1458 849 1604 881 Helenae
1619 858 1700 880 con-

998 901 1138 941 cubuit;
1161 911 1238 933 cum
1262 901 1375 942 potins
1396 910 1416 932 a
1438 904 1539 941 raptu
1554 899 1699 931 Helenae

998 952 1044 984 sit
1055 952 1269 984 ordiendum.
1286 951 1384 983 Sulm.
1423 951 1558 982 Gemino
1572 950 1699 990 bellum]

999 1001 1052 1033 Ex
1067 1011 1205 1033 ovorum
1231 1011 1297 1032 uuo
1320 1001 1452 1032 exclusi
1471 1005 1550 1032 sunt
1572 1000 1699 1032 Pollux

998 1057 1035 1083 et
1059 1051 1207 1091 Helena,
1225 1061 1267 1083 ex
1293 1051 1402 1083 altero
1415 1051 1539 1083 Castor
1561 1055 1597 1082 et
1620 1051 1700 1092 Cly-

998 1106 1200 1135 temnestra.
1422 1123 1425 1125 -

1043 1154 1105 1183 148
1126 1151 1180 1183 Aa
1208 1155 1348 1183 eventum
1367 1149 1523 1190 festinat]
1546 1150 1701 1182 Festinat

999 1202 1042 1233 ad
1060 1202 1269 1243 propositum
1282 1211 1437 1243 scopum.
1482 1201 1527 1231 Et
1541 1199 1576 1232 in
1587 1201 1703 1232 medias

999 1262 1061 1290 res,
1088 1252 1158 1294 ξω]
1196 1251 1342 1284 Omissis
1377 1259 1491 1282 rernm
1521 1249 1702 1291 principiis

999 1303 1141 1344 perinde
1154 1312 1194 1334 ac
1210 1303 1238 1334 si
1260 1307 1342 1333 nota
1357 1308 1484 1341 essent,
1500 1301 1591 1341 rapit
1605 1300 1702 1332 audi-

998 1358 1107 1384 torem
1123 1353 1156 1384 in
1173 1362 1227 1383 res
1248 1351 1387 1382 medias.

1041 1405 1104 1434 150
1130 1403 1282 1442 Desperat
1296 1403 1433 1433 tractato
1442 1400 1607 1441 nitescere]
1623 1399 1702 1431 Mo·

997 1456 1057 1483 net
1073 1452 1216 1484 Homeri
1234 1451 1404 1492 exemplo,
1420 1456 1459 1482 ut
1471 1451 1628 1482 delectus
1643 1449 1701 1480 ba-

998 1502 1121 1534 beatur
1135 1503 1170 1534 in
1186 1502 1289 1534 rebus
1303 1501 1495 1541 narrandis,
1511 1505 1617 1542 utque
1631 1509 1700 1531 non

998 1553 1123 1594 omnia,
1149 1562 1226 1595 quae
1251 1552 1284 1583 iu
1310 1552 1527 1593 complexum
1546 1550 1700 1583 historiae

998 1609 1102 1646 atque
1132 1604 1293 1636 orationis
1322 1602 1476 1643 veniunt,
1507 1606 1701 1633 narrentur.

999 1654 1166 1687 Quaedam
1193 1655 1282 1686 enim
1311 1653 1399 1698 adeo
1428 1653 1565 1685 horrida
1595 1657 1699 1694 atque

998 1705 1134 1745 spinosa
1157 1705 1318 1744 existunt,
1343 1700 1445 1745 poliri
1464 1703 1646 1744 ornarique
1661 1707 1701 1734 ut

998 1761 1182 1797 nequeant.
1209 1755 1368 1787 Nunnius.
1418 1753 1582 1786 Niteeeere
1594 1751 1698 1794 pone]

1000 1807 1168 1839 Oratione
1197 1806 1452 1848 splendescere,
1487 1814 1548 1837 sen
1586 1798 1699 1836 verbis

1000 1858 1108 1898 polite
1127 1858 1304 1899 explicari.

1042 1911 1102 1938 151
1126 1908 1232 1948 Atque
1259 1902 1492 1947 ita'mentitur]
1514 1906 1629 1948 Atque
1650 1906 1699 1938 sie

997 1957 1162 1987 mentitur
1182 1962 1218 1987 et
1244 1956 1330 1987 falsa
1355 1957 1451 1996 dicit,
1466 1961 1502 1987 ut
1517 1957 1630 1987 onmia
1650 1956 1700 1986 in-

998 2010 1053 2037 ter
1067 2015 1103 2036 se
1119 2006 1264 2036 maxime
1285 2005 1491 2037 cobaereant.
1524 2005 1698 2048 Remiscet]

998 2056 1213 2087 Commiscet.

1042 2109 1105 2138 152
1129 2106 1255 2146 Primo]
1278 2106 1307 2139 A
1326 2106 1506 2148 principio.

1042 2159 1102 2187 153
1128 2156 1187 2192 Tu,
1203 2158 1278 2198 quid
1291 2167 1362 2198 ego,
1375 2158 1448 2199 ξω]
1473 2157 1698 2199 Praeceptum

998 2206 1236 2239 duodecimum
1261 2207 1304 2239 de
1334 2207 1461 2239 decoro
1486 2207 1698 2239 observando

998 2258 1033 2288 in
1059 2258 1290 2298 exprimendis
1306 2258 1455 2290 moribus
1474 2259 1636 2300 cujusque
1653 2268 1698 2290 ae-

997 2309 1104 2341 tatis:
1138 2311 1195 2351 qui
1225 2311 1339 2351 quales
1367 2310 1435 2342 sint
1461 2318 1525 2351 per
1549 2309 1697 2350 singulas

996 2365 1129 2402 aetates,
1141 2360 1259 2393 ordine
1281 2361 1437 2402 exponit,
1453 2360 1614 2392 videlicet
1630 2361 1698 2402 pri-

995 2419 1086 2442 mum
1104 2411 1272 2451 pueritiae,
1297 2411 1420 2443 deinde
1444 2410 1698 2450 adolescentiae,

997 2467 1068 2493 tum
1085 2462 1199 2493 aetatis
1221 2461 1336 2497 virilis,
1354 2466 1526 2502 postremo
1542 2467 1698 2493 senectu-

996 2513 1051 2543 tis.
1076 2512 1209 2545 Quibus
1222 2512 1416 2552 singulatim
1427 2511 1608 2552 expositis,
1619 2512 1699 2543 sub—

244 2567 321 2589 enm
359 2560 483 2601 incipit
512 2560 555 2592 ab
589 2560 731 2593 interitu
763 2561 946 2603 Meleagri,
987 2563 1103 2604 jungit
1126 2563 1339 2595 enuntiatum
1362 2561 1405 2594 de
1427 2566 1567 2594 oetatum
1593 2561 1696 2594 effec-

245 2608 335 2648 quod
362 2610 559 2649 prooemium
587 2610 687 2642 nimis
713 2620 731 2641 e
761 2611 945 2653 longinquo

246 2659 393 2699 petitum
426 2660 654 2701 reprehendit.
677 2660 808 2693 Salmas.
867 2662 944 2694 His-

244 2708 366 2740 toriam
391 2719 492 2749 porro
516 2711 691 2743 Diomedis
712 2717 749 2744 et
776 2713 946 2754 Meleagri

243 2757 415 2791 fusissime
431 2762 647 2802 prosequitur
662 2762 834 2794 Diodorus
849 2763 946 2796 Sicu·

244 2809 296 2842 lus
314 2809 371 2842 lib.
387 2818 437 2842 iv.
461 2816 496 2842 et
513 2810 657 2843 Ovidius
684 2813 770 2845 Met.
793 2814 943 2846 Turneb.

995 2615 1038 2645 tis
1064 2614 1235 2655 generale,
1262 2623 1304 2644 ex
1328 2612 1508 2646 contrariis
1528 2613 1696 2654 composi·

996 2670 1089 2696 tum:
1115 2674 1155 2695 ac
1182 2663 1318 2695 tandem
1342 2667 1551 2705 preceptum
1573 2662 1618 2694 de
1638 2662 1696 2694 de·

995 2723 1075 2746 coro
1104 2714 1159 2745 hic
1185 2713 1410 2753 observando,
1434 2713 1487 2745 vel
1514 2713 1629 2760 potins
1651 2713 1695 2744 de

995 2763 1156 2796 indecoro
1189 2763 1330 2796 vitando
1366 2763 1505 2804 repetit.
1540 2763 1693 2794 Piscator.

999 2816 1057 2857 Tu,
1070 2815 1143 2857 quid
1154 2813 1225 2855 ego]
1248 2814 1313 2855 Tu,
1328 2823 1348 2845 ο
1365 2813 1488 2854 Poeta,
1502 2812 1558 2854 qui
1572 2811 1692 2844 scribis
