1858 3184
201 199 315 242 1866

202 313 266 345 per
279 302 467 345 Epistolam
487 305 779 347 expostulaverat,
798 315 837 338 ac
859 316 902 338 ne

201 354 251 386 sic
266 353 402 396 quidem
419 355 520 396 longo
545 360 699 397 tempore
716 356 901 397 responde-

203 408 258 436 rat
271 404 394 444 Poe'ta,
410 405 521 438 donec
540 407 677 438 tandem
694 407 767 438 haec
782 407 901 439 carmi-

202 464 247 487 na
262 454 326 487 sibi
341 456 537 497 extorqueri
560 461 751 497 pateretur.
793 457 826 488 Si
851 458 900 488 ni-

201 504 247 536 hil
263 505 331 536 tale
347 509 415 543 est,
429 509 604 546 receptam
617 505 820 546 scripturam
835 517 901 539 ma·

200 555 272 588 lim.
299 555 444 587 Torreat.

243 608 285 636 23
304 605 391 640 Quid
406 608 471 637 tum
491 604 626 646 profeci]
642 605 772 639 Vitium
789 617 899 640 meum

201 654 435 695 praedicendo.
466 655 593 687 Mecum
602 656 760 694 facientia
771 657 849 696 jura
863 658 901 690 Si

201 708 305 736 tamen
334 703 489 745 attentas]
525 705 610 738 Jura
642 715 755 738 secum
785 707 900 739 facere

201 753 362 786 AEdilitiae
374 755 460 795 legis
474 755 668 796 exemplum
681 757 898 789 monstravit:

201 804 365 837 adversus
381 815 458 847 quae
475 805 531 837 ille
547 811 683 846 peccet,
695 806 723 838 si
737 806 900 848 importu-

200 863 353 887 unsesse
369 860 502 897 pergat.
546 857 556 874 ⁴
573 856 771 888 Attentare’
795 858 900 898 igitur

201 913 265 944 pro
294 905 423 937 laedere
453 911 489 937 ct
523 904 700 938 offendere
729 907 830 944 dixit,
860 912 899 940 ut

200 954 210 971 ‘
230 954 403 986 tentandi'
431 955 534 986 verbo
552 959 589 987 et
611 955 684 996 ipse
700 961 735 988 et
752 957 847 997 Virg.
863 962 900 989 et

200 1003 260 1035 alii
281 1014 373 1046 saepe
396 1004 445 1036 usi
469 1009 561 1036 sunt.
587 1006 733 1037 Torreat.
774 1006 901 1038 Mecum

191 1054 365 1095 facientia]
386 1055 423 1087 Si
433 1055 513 1096 jura
525 1064 578 1087 me
595 1055 794 1096 adjuvantia
811 1057 900 1089 labe-

199 1102 323 1135 factari
339 1105 482 1136 coneris.
596 1126 598 1129 ·

242 1156 285 1185 24
300 1152 402 1194 Super
416 1153 488 1195 hoc]
505 1153 668 1187 Quereris
680 1153 723 1186 de
735 1154 799 1186 hoc
815 1164 899 1197 prae-

202 1209 309 1238 terea.
431 1241 435 1245 ,
528 1214 530 1216 ·

242 1258 283 1286 25
311 1255 466 1296 Mendax]
487 1254 530 1286 In
546 1263 587 1287 eo
602 1255 764 1287 mendax.

242 1308 285 1336 26
306 1305 431 1336 Luculli
449 1305 552 1346 miles]
567 1305 634 1337 Qui
653 1305 779 1337 bellum
795 1306 901 1346 gessit

199 1364 276 1388 cum
291 1354 509 1393 Mithridate,
522 1364 603 1395 rege
615 1354 733 1387 Ponti.
764 1356 901 1388 collecta

198 1405 316 1436 viatica
331 1404 444 1446 multa]
458 1405 592 1436 Viatica
608 1405 770 1446 paulatim
787 1411 898 1447 parta.

199 1455 210 1472 ‘
225 1455 396 1487 viaticum
409 1454 418 1468 '
458 1454 598 1495 dicitur,
634 1455 795 1497 quicquid
832 1456 899 1488 iter

199 1506 323 1547 agendi
348 1515 454 1538 causa
477 1506 704 1538 necessarium
731 1511 797 1548 est,
825 1507 898 1539 sive

197 1555 295 1594 cibus
310 1555 370 1596 sit,
385 1556 454 1587 sive
472 1555 617 1597 pecunia
638 1556 681 1588 ad
699 1556 825 1588 victum
840 1566 898 1588 ex-

198 1605 358 1646 petenda.
377 1630 382 1643 »,
409 1606 551 1647 Viatica]
587 1607 597 1624 ‘
615 1605 808 1638 Viaticum’
835 1616 899 1648 pro

198 1655 368 1687 castrensi
412 1655 558 1697 pecunia
600 1656 742 1698 accipio.
799 1655 899 1688 Adde

198 1706 289 1738 Geli.
303 1714 397 1738 xvu.
411 1709 443 1737 2.
484 1706 601 1737 Multis
615 1706 795 1747 AErumnis]
809 1708 898 1739 Tan-

198 1760 234 1788 to
257 1755 362 1798 igitur
385 1756 417 1787 ei
441 1756 500 1798 qui
522 1756 708 1797 collegerat
735 1757 897 1798 gratiora,

197 1815 238 1838 ac
255 1805 399 1847 proinde
423 1806 560 1848 gravior
575 1806 618 1838 de
633 1807 765 1838 amissis
781 1806 897 1847 dolor3

197 1865 265 1898 quo
280 1856 516 1896 extimulante,
530 1866 567 1888 se
582 1856 625 1888 de
640 1857 795 1889 hostibus
808 1858 896 1890 ultus

196 1910 262 1944 est,
279 1904 337 1946 qui
360 1903 468 1935 furem
493 1905 646 1946 reperire
668 1915 735 1936 nou
759 1911 896 1946 posset:

198 1955 336 1986 omuino
365 1955 453 1986 enim
485 1954 529 1986 de
557 1964 623 1986 uno
653 1955 766 1997 aliquo
789 1955 896 1988 milite

195 2003 346 2046 loquitur
361 2002 540 2035 Horatius.
566 2004 707 2035 Torrent.

239 2057 282 2086 2⁷
303 2053 358 2086 Aa
372 2052 488 2094 assem]
510 2052 578 2093 Ita,
591 2057 628 2085 ut
644 2053 699 2085 vix
715 2054 896 2096 quicquam

197 2105 377 2145 restiterit.

199 2182 203 2186 .
236 2157 282 2188 28
302 2154 472 2187 Vehemens
485 2152 590 2195 lupus]
610 2153 704 2195 Apta
719 2163 894 2195 compara-

196 2205 245 2238 tio
274 2205 345 2246 lupi
369 2214 410 2237 ac
439 2204 574 2236 militis:
605 2203 705 2236 ambo
727 2209 894 2245 raptores.

199 2255 344 2288 Torrent-
402 2254 568 2286 Vehemens
591 2254 695 2295 lupus]
725 2252 817 2286 Acer
843 2255 893 2286 in-

195 2305 329 2337 imicus.
374 2304 488 2345 Hosti]
508 2304 607 2335 Hosti
622 2304 871 2337 Mithridatico.

238 2358 281 2387 30
318 2354 508 2386 Proesidium
535 2354 654 2395 regale]
690 2354 894 2386 Praesidium

196 2404 419 2437 Mithridatis.
452 2404 536 2436 Loco
546 2402 672 2444 deiecit]
689 2404 781 2435 Loco
797 2404 894 2436 valde

196 2456 340 2497 munito,
358 2455 541 2497 multisque
562 2454 665 2492 rebus
687 2454 814 2487 referto
837 2455 894 2487 de·

196 2505 295 2547 pulit.

244 2558 285 2588 32
321 2555 427 2587 Donis
454 2559 585 2587 ornatur
613 2554 764 2596 honestis]
795 2557 894 2588 Dona

194 2604 355 2637 militaria
384 2605 470 2637 dicit
496 2605 682 2645 ‘coronas,'
711 2606 895 2648 ‘torques,'

193 2657 204 2674 ‘
218 2654 397 2696 phaleras:
417 2665 557 2696 quorum
583 2656 719 2687 nomine
747 2657 895 2697 pecunia

194 2713 262 2751 non
278 2703 485 2736 continetur.
528 2706 664 2736 Ducum
680 2705 769 2737 enim
794 2706 892 2747 largi-

196 2755 308 2788 tiones
320 2753 403 2788 JCti
419 2758 455 2786 et
479 2755 687 2790 recentiores
709 2757 892 2798 scriptores

669 212 810 244 NO'rAE
841 211 1106 244 VARIORUM
1141 213 1194 244 IN

949 305 1154 339 ‘donativa'
1179 304 1253 337 fere
1279 306 1476 347 appellsut3
1505 311 1544 340 nt
1572 319 1649 352 quae

950 357 1077 397 populo
1094 355 1276 394 dabantur,
1296 356 1306 373 ‘
1319 356 1514 397 congiariaJ
1555 358 1649 392 Nota

950 410 1064 437 autem
1087 405 1220 437 Luculli
1237 405 1401 437 adversus
1415 406 1598 447 Tigranem
1613 413 1651 441 et

951 455 1189 487 Mithridatem
1206 464 1304 496 reges
1317 455 1570 496 potentissimos
1582 456 1652 489 bel-

948 506 1001 536 la:
1026 505 1148 547 quibus
1163 505 1263 536 finem
1281 506 1454 547 imponere
1468 507 1651 547 potuisset,

949 555 977 586 si
993 555 1133 586 militem
1155 555 1330 587 habuisset
1345 555 1439 588 dicto
1461 557 1568 598 magis
1591 567 1652 596 au·
1701 549 1706 554 ⁵

949 605 1123 645 dientem3
1147 615 1224 637 nam
1255 606 1416 638 Lucullus
1446 616 1650 652 quamquam

949 655 1174 697 peritissimus
1201 656 1399 696 imperator,
1425 656 1506 698 quia
1527 657 1652 689 milita·
1673 697 1677 700 Ι

950 707 1035 738 rium
1072 716 1247 739 munerum
1281 711 1421 739 exactor
1455 708 1652 745 acerrimus,

949 758 1057 790 minus
1073 758 1222 790 liberalis
1237 762 1324 797 erat,
1337 757 1482 789 militum
1498 756 1650 790 favorem

949 818 990 840 ac
1010 809 1152 849 gratiam
1173 812 1292 840 tenere
1320 817 1387 839 non
1405 807 1527 849 potuit.
1571 807 1649 840 Jam

949 868 1030 891 vero
1047 863 1171 890 norunt
1188 857 1326 899 eruditi,
1348 862 1358 876 ‘
1371 857 1525 890 honesti'
1551 868 1651 890 voca-

949 908 1062 941 bulum
1076 909 1313 950 ὑποκορισνηκῶς
1326 908 1407 949 dici,
1416 907 1651 950 quod-modum

949 968 1014 990 uon
1037 959 1207 991 excedat:
1234 963 1271 990 ut
1292 958 1493 990 ‘honestum
1518 962 1556 989 et
1581 967 1651 989 mo-

949 1007 1102 1040 deratum
1119 1007 1330 1040 convivium’
1354 1007 1429 1040 Cic.
1445 1017 1508 1048 pro
1533 1008 1650 1040 Mure-

949 1068 1004 1089 na.
1030 1059 1173 1090 Tor-rent.
1217 1056 1388 1098 Honestis]
1412 1057 1521 1089 Donis
1547 1057 1652 1090 hono-

949 1106 1065 1139 rificis.
1416 1111 1419 1113 '

992 1159 1033 1189 33
1057 1157 1160 1198 Super
1172 1155 1320 1188 sestertia
1333 1154 1507 1197 nummum]
1517 1155 1654 1188 Praeter

949 1206 1023 1239 haec
1049 1206 1139 1238 dona
1164 1206 1302 1248 accepit
1328 1208 1382 1238 20.
1398 1205 1506 1238 millia
1525 1210 1651 1238 sester-

950 1256 1033 1288 tium
1051 1266 1235 1288 nummum.

993 1309 1035 1338 34
1072 1307 1138 1338 Sub
1159 1299 1223 1338 'hoc
1253 1304 1388 1346 tempus]
1423 1305 1533 1336 Paulo
1562 1309 1652 1346 post.

949 1356 1094 1396 Proetor]
1111 1356 1304 1396 Imperator
1316 1354 1486 1399 Lucullus.

992 1410 1033 1439 35
1058 1405 1215 1447 Eundem]
1239 1404 1394 1437 Eundem
1415 1404 1548 1437 Luculli
1563 1404 1651 1437 rnili-

949 1461 1031 1490 tem.

990 1511 1033 1540 36
1055 1508 1213 1548 Mentem]
1240 1506 1393 1539 Animos.

990 1560 1030 1590 37
1055 1558 1078 1589 Ι
1090 1558 1166 1590 bone
1181 1558 1256 1599 quo]
1273 1558 1387 1590 Verba
1401 1562 1482 1591 sunt
1496 1557 1650 1599 Impera-

947 1608 1031 1640 toris
1047 1608 1187 1640 militem
1203 1608 1384 1641 hortantis.
1428 1608 1512 1640 Pede
1523 1607 1651 1648 fausto]

949 1659 1047 1690 Bono
1063 1658 1229 1699 auspicio.

989 1710 1031 1739 38
1052 1706 1192 1740 Laturus
1213 1707 1408 1750 meritorum]
1430 1707 1648 1750 Accepturus

948 1758 1100 1799 praemia.

990 1809 1033 1839 39
1062 1807 1123 1839 Ille
1153 1810 1241 1839 catus
1275 1807 1472 1849 quantumvis
1499 1806 1651 1847 rusticus]

948 1858 1174 1890 Quantumvis
1195 1858 1395 1891 conditione
1421 1857 1582 1898 rusticus,
1606 1867 1650 1889 ex

948 1917 1030 1948 agro
1054 1909 1144 1939 enim
1170 1908 1396 1940 robustissimi
1423 1908 1562 1947 milites,
1585 1907 1650 1939 sol-

946 1956 1013 1988 lers
1030 1960 1143 1988 tamen
1159 1961 1196 1988 et
1211 1961 1332 1989 acutus
1348 1962 1384 1988 et
1405 1956 1566 1997 prudens,
1591 1956 1648 1997 qui

945 2005 1117 2037 fortunam
1155 2006 1257 2037 toties
1297 2005 1489 2047 periclitari
1526 2006 1647 2038 nollet.

947 2056 1093 2088 Torrent.
1140 2056 1255 2097 Catus]
1278 2056 1447 2089 Prudens.

986 2108 1028 2137 40
1053 2106 1117 2142 Qui
1139 2116 1248 2138 zonam
1269 2106 1426 2148 perdidit]
1450 2107 1517 2141 Qui
1534 2107 1648 2149 perdi-

945 2155 998 2187 dit
1025 2155 1198 2193 viaficum,
1227 2156 1318 2198 quod
1348 2157 1383 2188 in
1411 2165 1498 2189 zona
1522 2157 1647 2190 milites

945 2210 1082 2246 portare
1098 2206 1264 2238 solebant.

985 2257 1029 2287 42
1052 2255 1160 2287 Iratus
1183 2257 1293 2288 Graiis
1317 2260 1467 2298 quantum
1492 2258 1646 2291 nocuisset

943 2305 1096 2347 Achilles]
1124 2305 1236 2338 Etiam
1267 2306 1535 2340 Christianorum
1559 2313 1646 2340 tem-

944 2365 1041 2396 pore,
1057 2356 1118 2388 diu
1133 2356 1176 2388 ab
1191 2356 1335 2389 Homeri
1358 2357 1492 2390 Achille
1516 2358 1645 2390 studio-

944 2416 1017 2438 rum
1033 2416 1169 2438 suorum
1186 2406 1285 2439 initia
1310 2407 1484 2440 ducebant
1510 2408 1644 2440 adoles·

944 2461 1073 2489 centes.
1097 2456 1554 2499 Undeapud'l'heodoretum
1566 2467 1645 2498 pro·

944 2508 1094 2539 verbium
1108 2519 1116 2540 ε
1139 2507 1208 2539 οὐδὲ
1216 2509 1276 2546 τὴν
1284 2507 1461 2547 Ἀχιλλέας
1470 2508 1561 2547 μῆνιν
1570 2508 1644 2540 ἴσα-

945 2568 988 2598 σι,
1009 2568 1047 2589 ne
1068 2558 1186 2590 iratum
1205 2559 1328 2599 quidem
1343 2558 1496 2590 Achillem
1515 2563 1643 2599 norunt,

943 2613 984 2648 nt
1011 2608 1174 2640 Horatius
1205 2608 1366 2650 loquitur.
1413 2608 1523 2640 Plane
1551 2609 1642 2641 enini

943 2660 1030 2699 μῆνις
1044 2658 1218 2698 Ἀχιλλέως
1232 2660 1290 2696 illi,
1307 2658 1396 2701 quod
1409 2659 1566 2697 Horatio)
1577 2660 1641 2692 ira·

944 2713 994 2741 tus
1017 2710 1167 2742 Achilles.
1206 2710 1381 2742 Heinsius.
1423 2710 1542 2750 Iratus,
1570 2709 1640 2752 &cd

944 2759 985 2792 Id
1000 2763 1065 2797 est,
1081 2759 1223 2793 Iliadem
1241 2759 1383 2793 Homeri
1397 2759 1512 2792 didici.
