<?xml version="1.0" encoding="UTF-8"?>
<!DOCTYPE html PUBLIC "-//W3C//DTD XHTML 1.0 Transitional//EN"
    "http://www.w3.org/TR/xhtml1/DTD/xhtml1-transitional.dtd">
<html xmlns="http://www.w3.org/1999/xhtml" xml:lang="en" lang="en">
 <head>
  <title>
</title>
<meta http-equiv="Content-Type" content="text/html;charset=utf-8" />
  <meta name='ocr-system' content='tesseract 3.04.00' />
  <meta name='ocr-capabilities' content='ocr_page ocr_carea ocr_par ocr_line ocrx_word'/>
</head>
<body>
  <div class='ocr_page' id='page_1' title='image "./operaomnia04horauoft/operaomnia04horauoft_0036.png"; bbox 0 0 1858 3184; ppageno 0'>
   <div class='ocr_carea' id='block_1_1' title="bbox 252 229 852 272">
    <p class='ocr_par' dir='ltr' id='par_1_1' title="bbox 252 229 852 272">
     <span class='ocr_line' id='line_1_1' title="bbox 252 229 852 272; baseline 0.002 -1"><span class='ocrx_word' id='word_1_1' title='bbox 252 229 364 271; x_wconf 77' lang='lat'>1786</span> <span class='ocrx_word' id='word_1_2' title='bbox 713 241 852 272; x_wconf 68' lang='lat' dir='ltr'>uo&#39;rAE</span> 
     </span>
    </p>
   </div>
   <div class='ocr_carea' id='block_1_2' title="bbox 239 326 951 2821">
    <p class='ocr_par' dir='ltr' id='par_1_2' title="bbox 248 326 951 964">
     <span class='ocr_line' id='line_1_2' title="bbox 252 326 949 375; baseline 0.003 -11"><span class='ocrx_word' id='word_1_3' title='bbox 252 333 361 365; x_wconf 76' lang='lat' dir='ltr'>melias</span> <span class='ocrx_word' id='word_1_4' title='bbox 381 326 502 373; x_wconf 56' lang='lat' dir='ltr'>peiusve</span> <span class='ocrx_word' id='word_1_5' title='bbox 523 343 581 365; x_wconf 75' lang='lat' dir='ltr'>sua</span> <span class='ocrx_word' id='word_1_6' title='bbox 601 343 665 375; x_wconf 84' lang='lat' dir='ltr'>spe,</span> <span class='ocrx_word' id='word_1_7' title='bbox 682 334 824 375; x_wconf 86' lang='lat' dir='ltr'>perinde</span> <span class='ocrx_word' id='word_1_8' title='bbox 839 339 893 366; x_wconf 89' lang='lat' dir='ltr'>est</span> <span class='ocrx_word' id='word_1_9' title='bbox 908 345 949 367; x_wconf 83' lang='lat' dir='ltr'>ac</span> 
     </span>
     <span class='ocr_line' id='line_1_3' title="bbox 250 384 949 427; baseline 0.004 -13"><span class='ocrx_word' id='word_1_10' title='bbox 250 384 280 415; x_wconf 91' lang='lat' dir='ltr'>si</span> <span class='ocrx_word' id='word_1_11' title='bbox 296 387 424 425; x_wconf 86' lang='lat' dir='ltr'>praeter</span> <span class='ocrx_word' id='word_1_12' title='bbox 438 384 630 424; x_wconf 76' lang='lat' dir='ltr'>opinionem</span> <span class='ocrx_word' id='word_1_13' title='bbox 641 385 787 427; x_wconf 84' lang='lat' dir='ltr'>diceret,</span> <span class='ocrx_word' id='word_1_14' title='bbox 798 386 900 426; x_wconf 87' lang='lat' dir='ltr'>idque</span> <span class='ocrx_word' id='word_1_15' title='bbox 914 387 949 417; x_wconf 87' lang='lat' dir='ltr'>iu</span> 
     </span>
     <span class='ocr_line' id='line_1_4' title="bbox 251 432 950 476; baseline 0.004 -12"><span class='ocrx_word' id='word_1_16' title='bbox 251 438 428 474; x_wconf 85' lang='lat' dir='ltr'>utramque</span> <span class='ocrx_word' id='word_1_17' title='bbox 443 432 589 465; x_wconf 81' lang='lat' dir='ltr'>fortunae</span> <span class='ocrx_word' id='word_1_18' title='bbox 606 439 737 475; x_wconf 84' lang='lat' dir='ltr'>partem</span> <span class='ocrx_word' id='word_1_19' title='bbox 755 445 765 466; x_wconf 79' lang='grc' dir='ltr'><strong><em>ε</em></strong></span> <span class='ocrx_word' id='word_1_20' title='bbox 788 435 950 476; x_wconf 82' lang='lat' dir='ltr'>quinimo,</span> 
     </span>
     <span class='ocr_line' id='line_1_5' title="bbox 251 483 950 526; baseline 0.003 -11"><span class='ocrx_word' id='word_1_21' title='bbox 251 484 280 515; x_wconf 91' lang='lat' dir='ltr'>si</span> <span class='ocrx_word' id='word_1_22' title='bbox 305 493 343 515; x_wconf 85' lang='lat' dir='ltr'>re</span> <span class='ocrx_word' id='word_1_23' title='bbox 367 483 564 526; x_wconf 84' lang='lat' dir='ltr'>desperata,</span> <span class='ocrx_word' id='word_1_24' title='bbox 579 485 706 524; x_wconf 82' lang='lat' dir='ltr'><strong>grande</strong></span> <span class='ocrx_word' id='word_1_25' title='bbox 727 485 863 526; x_wconf 80' lang='lat' dir='ltr'>aliquod</span> <span class='ocrx_word' id='word_1_26' title='bbox 881 496 950 517; x_wconf 89' lang='lat' dir='ltr'>ma-</span> 
     </span>
     <span class='ocr_line' id='line_1_6' title="bbox 248 533 948 575; baseline 0.004 -11"><span class='ocrx_word' id='word_1_27' title='bbox 248 533 320 564; x_wconf 88' lang='lat' dir='ltr'>lum</span> <span class='ocrx_word' id='word_1_28' title='bbox 341 533 496 574; x_wconf 79' lang='lat' dir='ltr'>opinanti</span> <span class='ocrx_word' id='word_1_29' title='bbox 517 534 637 574; x_wconf 80' lang='lat' dir='ltr'>iugens</span> <span class='ocrx_word' id='word_1_30' title='bbox 660 540 803 575; x_wconf 87' lang='lat' dir='ltr'>repente</span> <span class='ocrx_word' id='word_1_31' title='bbox 825 534 948 567; x_wconf 87' lang='lat' dir='ltr'>bonum</span> 
     </span>
     <span class='ocr_line' id='line_1_7' title="bbox 249 584 951 623; baseline 0.006 -10"><span class='ocrx_word' id='word_1_32' title='bbox 249 584 414 619; x_wconf 81' lang='lat' dir='ltr'>evenerit,</span> <span class='ocrx_word' id='word_1_33' title='bbox 435 584 570 623; x_wconf 83' lang='lat' dir='ltr'>gravior</span> <span class='ocrx_word' id='word_1_34' title='bbox 593 585 699 615; x_wconf 88' lang='lat' dir='ltr'>multo</span> <span class='ocrx_word' id='word_1_35' title='bbox 719 594 758 616; x_wconf 88' lang='lat' dir='ltr'>ac</span> <span class='ocrx_word' id='word_1_36' title='bbox 773 586 951 617; x_wconf 80' lang='lat' dir='ltr'>nocentior</span> 
     </span>
     <span class='ocr_line' id='line_1_8' title="bbox 251 633 949 676; baseline 0.006 -13"><span class='ocrx_word' id='word_1_37' title='bbox 251 633 330 665; x_wconf 90' lang='lat' dir='ltr'>inde</span> <span class='ocrx_word' id='word_1_38' title='bbox 352 639 427 664; x_wconf 88' lang='lat' dir='ltr'>orta</span> <span class='ocrx_word' id='word_1_39' title='bbox 442 634 565 665; x_wconf 67' lang='lat' dir='ltr'>laetitia</span> <span class='ocrx_word' id='word_1_40' title='bbox 586 634 716 673; x_wconf 77' lang='lat' dir='ltr'>existit,</span> <span class='ocrx_word' id='word_1_41' title='bbox 732 644 831 676; x_wconf 86' lang='lat' dir='ltr'>quam</span> <span class='ocrx_word' id='word_1_42' title='bbox 847 635 875 666; x_wconf 91' lang='lat' dir='ltr'>si</span> <span class='ocrx_word' id='word_1_43' title='bbox 891 635 949 667; x_wconf 91' lang='lat' dir='ltr'>bo·</span> 
     </span>
     <span class='ocr_line' id='line_1_9' title="bbox 251 683 947 727; baseline 0.006 -14"><span class='ocrx_word' id='word_1_44' title='bbox 251 692 332 714; x_wconf 87' lang='lat' dir='ltr'>num</span> <span class='ocrx_word' id='word_1_45' title='bbox 357 683 511 724; x_wconf 84' lang='lat' dir='ltr'>speranti</span> <span class='ocrx_word' id='word_1_46' title='bbox 530 684 652 715; x_wconf 89' lang='lat' dir='ltr'>malum</span> <span class='ocrx_word' id='word_1_47' title='bbox 667 685 843 726; x_wconf 86' lang='lat' dir='ltr'>acciderit,</span> <span class='ocrx_word' id='word_1_48' title='bbox 858 686 947 727; x_wconf 88' lang='lat' dir='ltr'>quod</span> 
     </span>
     <span class='ocr_line' id='line_1_10' title="bbox 249 733 948 777; baseline 0.006 -13"><span class='ocrx_word' id='word_1_49' title='bbox 249 733 438 773; x_wconf 67' lang='lat' dir='ltr'>repentinae</span> <span class='ocrx_word' id='word_1_50' title='bbox 464 734 685 775; x_wconf 82' lang='lat' dir='ltr'>quorumdam</span> <span class='ocrx_word' id='word_1_51' title='bbox 706 745 749 766; x_wconf 88' lang='lat' dir='ltr'>ex</span> <span class='ocrx_word' id='word_1_52' title='bbox 773 736 948 777; x_wconf 86' lang='lat' dir='ltr'>inopinato</span> 
     </span>
     <span class='ocr_line' id='line_1_11' title="bbox 250 783 949 823; baseline 0.006 -9"><span class='ocrx_word' id='word_1_53' title='bbox 250 783 362 823; x_wconf 86' lang='lat' dir='ltr'>gladio</span> <span class='ocrx_word' id='word_1_54' title='bbox 378 787 505 815; x_wconf 88' lang='lat' dir='ltr'>mortes</span> <span class='ocrx_word' id='word_1_55' title='bbox 521 788 705 816; x_wconf 78' lang='lat' dir='ltr'>testantur.</span> <span class='ocrx_word' id='word_1_56' title='bbox 731 786 823 817; x_wconf 66' lang='lat' dir='ltr'>Tot-r.</span> <span class='ocrx_word' id='word_1_57' title='bbox 862 786 949 821; x_wconf 77' lang='lat' dir='ltr'>Quid</span> 
     </span>
     <span class='ocr_line' id='line_1_12' title="bbox 248 832 947 877; baseline 0.009 -15"><span class='ocrx_word' id='word_1_58' title='bbox 248 833 290 863; x_wconf 79' lang='lat' dir='ltr'>ud</span> <span class='ocrx_word' id='word_1_59' title='bbox 303 833 384 873; x_wconf 82' lang='lat' dir='ltr'>rem]</span> <span class='ocrx_word' id='word_1_60' title='bbox 407 833 498 866; x_wconf 83' lang='lat' dir='ltr'>Quid</span> <span class='ocrx_word' id='word_1_61' title='bbox 515 832 597 865; x_wconf 83' lang='lat' dir='ltr'>facit</span> <span class='ocrx_word' id='word_1_62' title='bbox 611 834 652 865; x_wconf 86' lang='lat' dir='ltr'>ad</span> <span class='ocrx_word' id='word_1_63' title='bbox 668 835 753 867; x_wconf 81' lang='lat' dir='ltr'>hanc</span> <span class='ocrx_word' id='word_1_64' title='bbox 766 845 837 867; x_wconf 92' lang='lat' dir='ltr'>rem</span> <span class='ocrx_word' id='word_1_65' title='bbox 848 846 947 877; x_wconf 86' lang='lat' dir='ltr'>quam</span> 
     </span>
     <span class='ocr_line' id='line_1_13' title="bbox 250 884 947 925; baseline 0.009 -12"><span class='ocrx_word' id='word_1_66' title='bbox 250 892 312 914; x_wconf 91' lang='lat' dir='ltr'>nos</span> <span class='ocrx_word' id='word_1_67' title='bbox 344 884 486 925; x_wconf 80' lang='lat' dir='ltr'>agimus,</span> <span class='ocrx_word' id='word_1_68' title='bbox 521 884 654 916; x_wconf 88' lang='lat' dir='ltr'>scilicet</span> <span class='ocrx_word' id='word_1_69' title='bbox 690 886 732 917; x_wconf 87' lang='lat' dir='ltr'>ad</span> <span class='ocrx_word' id='word_1_70' title='bbox 764 886 947 918; x_wconf 86' lang='lat' dir='ltr'>beatitudi-</span> 
     </span>
     <span class='ocr_line' id='line_1_14' title="bbox 248 933 346 964; baseline 0.01 -1"><span class='ocrx_word' id='word_1_71' title='bbox 248 933 346 964; x_wconf 82' lang='lat' dir='ltr'>nem?</span> 
     </span>
    </p>

    <p class='ocr_par' dir='ltr' id='par_1_3' title="bbox 246 983 949 1114">
     <span class='ocr_line' id='line_1_15' title="bbox 292 983 948 1028; baseline 0.009 -15"><span class='ocrx_word' id='word_1_72' title='bbox 292 985 331 1014; x_wconf 76' lang='lat'>13</span> <span class='ocrx_word' id='word_1_73' title='bbox 357 983 518 1024; x_wconf 76' lang='lat' dir='ltr'>Quidquid</span> <span class='ocrx_word' id='word_1_74' title='bbox 536 984 616 1016; x_wconf 72' lang='lat' dir='ltr'>vidie</span> <span class='ocrx_word' id='word_1_75' title='bbox 631 984 754 1027; x_wconf 72' lang='lat' dir='ltr'>metius]</span> <span class='ocrx_word' id='word_1_76' title='bbox 775 986 948 1028; x_wconf 85' lang='lat' dir='ltr'>Quicquid</span> 
     </span>
     <span class='ocr_line' id='line_1_16' title="bbox 249 1031 949 1078; baseline 0.01 -15"><span class='ocrx_word' id='word_1_77' title='bbox 249 1031 371 1064; x_wconf 81' lang='lat' dir='ltr'>defixis</span> <span class='ocrx_word' id='word_1_78' title='bbox 397 1034 504 1065; x_wconf 85' lang='lat' dir='ltr'>oculis</span> <span class='ocrx_word' id='word_1_79' title='bbox 525 1034 623 1075; x_wconf 89' lang='lat' dir='ltr'>vidit,</span> <span class='ocrx_word' id='word_1_80' title='bbox 644 1034 679 1066; x_wconf 89' lang='lat' dir='ltr'>id</span> <span class='ocrx_word' id='word_1_81' title='bbox 704 1042 769 1078; x_wconf 86' lang='lat' dir='ltr'>est,</span> <span class='ocrx_word' id='word_1_82' title='bbox 791 1038 949 1069; x_wconf 86' lang='lat' dir='ltr'>attentis-</span> 
     </span>
     <span class='ocr_line' id='line_1_17' title="bbox 246 1091 342 1114; baseline 0.01 -1"><span class='ocrx_word' id='word_1_83' title='bbox 246 1091 342 1114; x_wconf 81' lang='lat' dir='ltr'>sime.</span> 
     </span>
    </p>

    <p class='ocr_par' dir='ltr' id='par_1_4' title="bbox 239 1133 950 1324">
     <span class='ocr_line' id='line_1_18' title="bbox 290 1133 949 1175; baseline 0.006 -11"><span class='ocrx_word' id='word_1_84' title='bbox 290 1135 331 1164; x_wconf 69' lang='lat'>14</span> <span class='ocrx_word' id='word_1_85' title='bbox 355 1133 484 1175; x_wconf 68' lang='lat' dir='ltr'>Defixis</span> <span class='ocrx_word' id='word_1_86' title='bbox 497 1134 607 1175; x_wconf 74' lang='lat' dir='ltr'>oculis]</span> <span class='ocrx_word' id='word_1_87' title='bbox 630 1135 701 1166; x_wconf 89' lang='lat' dir='ltr'>Pro</span> <span class='ocrx_word' id='word_1_88' title='bbox 720 1135 876 1167; x_wconf 87' lang='lat' dir='ltr'>demissis</span> <span class='ocrx_word' id='word_1_89' title='bbox 891 1137 949 1168; x_wconf 89' lang='lat' dir='ltr'>de·</span> 
     </span>
     <span class='ocr_line' id='line_1_19' title="bbox 239 1183 949 1227; baseline 0.007 -14"><span class='ocrx_word' id='word_1_90' title='bbox 239 1183 412 1224; x_wconf 87' lang='lat' dir='ltr'>jectisque</span> <span class='ocrx_word' id='word_1_91' title='bbox 435 1183 582 1224; x_wconf 85' lang='lat' dir='ltr'>accipio.</span> <span class='ocrx_word' id='word_1_92' title='bbox 626 1184 693 1215; x_wconf 89' lang='lat' dir='ltr'>Vel</span> <span class='ocrx_word' id='word_1_93' title='bbox 718 1189 756 1216; x_wconf 89' lang='lat' dir='ltr'>ut</span> <span class='ocrx_word' id='word_1_94' title='bbox 778 1186 949 1227; x_wconf 85' lang='lat' dir='ltr'>Cruquius</span> 
     </span>
     <span class='ocr_line' id='line_1_20' title="bbox 246 1232 950 1273; baseline 0.007 -10"><span class='ocrx_word' id='word_1_95' title='bbox 246 1233 342 1264; x_wconf 84' lang='lat' dir='ltr'>vult:</span> <span class='ocrx_word' id='word_1_96' title='bbox 367 1232 527 1273; x_wconf 84' lang='lat' dir='ltr'>Attente,</span> <span class='ocrx_word' id='word_1_97' title='bbox 547 1234 655 1266; x_wconf 91' lang='lat' dir='ltr'>oculis</span> <span class='ocrx_word' id='word_1_98' title='bbox 678 1235 835 1268; x_wconf 76' lang='lat' dir='ltr'>immotis.</span> <span class='ocrx_word' id='word_1_99' title='bbox 872 1237 950 1268; x_wconf 84' lang='lat' dir='ltr'>Tor-</span> 
     </span>
     <span class='ocr_line' id='line_1_21' title="bbox 243 1282 842 1324; baseline 0.003 -10"><span class='ocrx_word' id='word_1_100' title='bbox 243 1282 314 1322; x_wconf 73' lang='lat' dir='ltr'>pet]</span> <span class='ocrx_word' id='word_1_101' title='bbox 337 1282 373 1314; x_wconf 90' lang='lat' dir='ltr'>Si</span> <span class='ocrx_word' id='word_1_102' title='bbox 389 1282 504 1322; x_wconf 89' lang='lat' dir='ltr'>hebet,</span> <span class='ocrx_word' id='word_1_103' title='bbox 519 1284 698 1324; x_wconf 78' lang='lat' dir='ltr'>stupescit,</span> <span class='ocrx_word' id='word_1_104' title='bbox 714 1284 842 1317; x_wconf 80' lang='lat' dir='ltr'>deficit.</span> 
     </span>
    </p>

    <p class='ocr_par' dir='ltr' id='par_1_5' title="bbox 245 1331 949 1714">
     <span class='ocr_line' id='line_1_22' title="bbox 294 1331 949 1374; baseline 0.008 -12"><span class='ocrx_word' id='word_1_105' title='bbox 294 1334 332 1363; x_wconf 83' lang='lat'>16</span> <span class='ocrx_word' id='word_1_106' title='bbox 355 1331 466 1363; x_wconf 79' lang='lat' dir='ltr'>Insani</span> <span class='ocrx_word' id='word_1_107' title='bbox 477 1332 616 1374; x_wconf 82' lang='lat' dir='ltr'>sapiens]</span> <span class='ocrx_word' id='word_1_108' title='bbox 640 1333 726 1365; x_wconf 83' lang='lat' dir='ltr'>Haec</span> <span class='ocrx_word' id='word_1_109' title='bbox 742 1333 861 1366; x_wconf 67' lang='lat' dir='ltr'>Poetae</span> <span class='ocrx_word' id='word_1_110' title='bbox 876 1345 949 1367; x_wconf 90' lang='lat' dir='ltr'>sen-</span> 
     </span>
     <span class='ocr_line' id='line_1_23' title="bbox 247 1381 947 1426; baseline 0.007 -14"><span class='ocrx_word' id='word_1_111' title='bbox 247 1381 358 1413; x_wconf 88' lang='lat' dir='ltr'>tentia</span> <span class='ocrx_word' id='word_1_112' title='bbox 373 1391 438 1413; x_wconf 92' lang='lat' dir='ltr'>non</span> <span class='ocrx_word' id='word_1_113' title='bbox 463 1382 513 1413; x_wconf 90' lang='lat' dir='ltr'>ita</span> <span class='ocrx_word' id='word_1_114' title='bbox 536 1383 736 1424; x_wconf 87' lang='lat' dir='ltr'>accipienda</span> <span class='ocrx_word' id='word_1_115' title='bbox 758 1390 826 1425; x_wconf 78' lang='lat' dir='ltr'>est,</span> <span class='ocrx_word' id='word_1_116' title='bbox 852 1385 947 1426; x_wconf 88' lang='lat' dir='ltr'>quasi</span> 
     </span>
     <span class='ocr_line' id='line_1_24' title="bbox 247 1431 944 1475; baseline 0.007 -14"><span class='ocrx_word' id='word_1_117' title='bbox 247 1431 374 1472; x_wconf 85' lang='lat' dir='ltr'>aliquid</span> <span class='ocrx_word' id='word_1_118' title='bbox 392 1432 427 1462; x_wconf 89' lang='lat' dir='ltr'>in</span> <span class='ocrx_word' id='word_1_119' title='bbox 442 1432 568 1464; x_wconf 82' lang='lat' dir='ltr'>virtute</span> <span class='ocrx_word' id='word_1_120' title='bbox 581 1432 719 1464; x_wconf 90' lang='lat' dir='ltr'>nimium</span> <span class='ocrx_word' id='word_1_121' title='bbox 730 1442 806 1465; x_wconf 89' lang='lat' dir='ltr'>esse</span> <span class='ocrx_word' id='word_1_122' title='bbox 821 1435 944 1475; x_wconf 65' lang='lat' dir='ltr'>possin</span> 
     </span>
     <span class='ocr_line' id='line_1_25' title="bbox 248 1482 945 1526; baseline 0.006 -14"><span class='ocrx_word' id='word_1_123' title='bbox 248 1482 378 1512; x_wconf 89' lang='lat' dir='ltr'>nullum</span> <span class='ocrx_word' id='word_1_124' title='bbox 404 1491 550 1523; x_wconf 87' lang='lat' dir='ltr'>namque</span> <span class='ocrx_word' id='word_1_125' title='bbox 577 1483 778 1523; x_wconf 86' lang='lat' dir='ltr'>periculum,</span> <span class='ocrx_word' id='word_1_126' title='bbox 800 1493 844 1515; x_wconf 90' lang='lat' dir='ltr'>ne</span> <span class='ocrx_word' id='word_1_127' title='bbox 870 1484 945 1526; x_wconf 82' lang='lat' dir='ltr'>quis</span> 
     </span>
     <span class='ocr_line' id='line_1_26' title="bbox 247 1532 946 1573; baseline 0.006 -11"><span class='ocrx_word' id='word_1_128' title='bbox 247 1532 346 1563; x_wconf 89' lang='lat' dir='ltr'>nimis</span> <span class='ocrx_word' id='word_1_129' title='bbox 357 1536 417 1564; x_wconf 88' lang='lat' dir='ltr'>aut</span> <span class='ocrx_word' id='word_1_130' title='bbox 423 1532 548 1573; x_wconf 82' lang='lat' dir='ltr'>justus,</span> <span class='ocrx_word' id='word_1_131' title='bbox 559 1537 618 1564; x_wconf 83' lang='lat' dir='ltr'>aut</span> <span class='ocrx_word' id='word_1_132' title='bbox 629 1532 740 1569; x_wconf 83' lang='lat' dir='ltr'>fortis,</span> <span class='ocrx_word' id='word_1_133' title='bbox 755 1538 814 1565; x_wconf 80' lang='lat' dir='ltr'>aut</span> <span class='ocrx_word' id='word_1_134' title='bbox 823 1533 946 1566; x_wconf 83' lang='lat' dir='ltr'>libera·</span> 
     </span>
     <span class='ocr_line' id='line_1_27' title="bbox 246 1582 946 1624; baseline 0.003 -11"><span class='ocrx_word' id='word_1_135' title='bbox 246 1582 301 1618; x_wconf 85' lang='lat' dir='ltr'>lis,</span> <span class='ocrx_word' id='word_1_136' title='bbox 325 1587 383 1614; x_wconf 90' lang='lat' dir='ltr'>aut</span> <span class='ocrx_word' id='word_1_137' title='bbox 398 1586 592 1623; x_wconf 82' lang='lat' dir='ltr'>temperans</span> <span class='ocrx_word' id='word_1_138' title='bbox 607 1582 753 1614; x_wconf 86' lang='lat' dir='ltr'>evadat:</span> <span class='ocrx_word' id='word_1_139' title='bbox 776 1583 858 1624; x_wconf 90' lang='lat' dir='ltr'>quin</span> <span class='ocrx_word' id='word_1_140' title='bbox 880 1585 946 1616; x_wconf 85' lang='lat' dir='ltr'>vir-</span> 
     </span>
     <span class='ocr_line' id='line_1_28' title="bbox 247 1633 945 1674; baseline 0.004 -11"><span class='ocrx_word' id='word_1_141' title='bbox 247 1636 303 1664; x_wconf 84' lang='lat' dir='ltr'>tus</span> <span class='ocrx_word' id='word_1_142' title='bbox 320 1641 396 1664; x_wconf 88' lang='lat' dir='ltr'>esse</span> <span class='ocrx_word' id='word_1_143' title='bbox 413 1633 551 1674; x_wconf 84' lang='lat' dir='ltr'>desiuit,</span> <span class='ocrx_word' id='word_1_144' title='bbox 566 1634 658 1665; x_wconf 87' lang='lat' dir='ltr'>illico</span> <span class='ocrx_word' id='word_1_145' title='bbox 674 1634 732 1666; x_wconf 89' lang='lat' dir='ltr'>ubi</span> <span class='ocrx_word' id='word_1_146' title='bbox 753 1633 872 1666; x_wconf 89' lang='lat' dir='ltr'>modus</span> <span class='ocrx_word' id='word_1_147' title='bbox 887 1634 945 1666; x_wconf 87' lang='lat' dir='ltr'>ab-</span> 
     </span>
     <span class='ocr_line' id='line_1_29' title="bbox 245 1683 479 1714; baseline 0.009 -2"><span class='ocrx_word' id='word_1_148' title='bbox 245 1687 311 1713; x_wconf 91' lang='lat' dir='ltr'>est.</span> <span class='ocrx_word' id='word_1_149' title='bbox 336 1683 479 1714; x_wconf 74' lang='lat' dir='ltr'>Torreat.</span> 
     </span>
    </p>

    <p class='ocr_par' dir='ltr' id='par_1_6' title="bbox 244 1731 948 1872">
     <span class='ocr_line' id='line_1_30' title="bbox 290 1731 947 1776; baseline 0.006 -13"><span class='ocrx_word' id='word_1_150' title='bbox 290 1734 332 1763; x_wconf 82' lang='lat'>16</span> <span class='ocrx_word' id='word_1_151' title='bbox 359 1731 516 1764; x_wconf 73' lang='lat' dir='ltr'>Virtutem</span> <span class='ocrx_word' id='word_1_152' title='bbox 528 1733 558 1763; x_wconf 80' lang='lat' dir='ltr'>si</span> <span class='ocrx_word' id='word_1_153' title='bbox 576 1732 679 1774; x_wconf 75' lang='lat' dir='ltr'>petat]</span> <span class='ocrx_word' id='word_1_154' title='bbox 700 1734 821 1766; x_wconf 84' lang='lat' dir='ltr'>Virtus</span> <span class='ocrx_word' id='word_1_155' title='bbox 836 1735 947 1776; x_wconf 88' lang='lat' dir='ltr'>posita</span> 
     </span>
     <span class='ocr_line' id='line_1_31' title="bbox 246 1779 948 1825; baseline 0.007 -13"><span class='ocrx_word' id='word_1_156' title='bbox 246 1787 299 1813; x_wconf 90' lang='lat' dir='ltr'>est</span> <span class='ocrx_word' id='word_1_157' title='bbox 329 1781 363 1813; x_wconf 87' lang='lat' dir='ltr'>in</span> <span class='ocrx_word' id='word_1_158' title='bbox 391 1779 644 1823; x_wconf 76' lang='lat' dir='ltr'>mediocritate,</span> <span class='ocrx_word' id='word_1_159' title='bbox 673 1784 773 1825; x_wconf 87' lang='lat' dir='ltr'>cnjus</span> <span class='ocrx_word' id='word_1_160' title='bbox 798 1794 836 1816; x_wconf 85' lang='lat' dir='ltr'>re</span> <span class='ocrx_word' id='word_1_161' title='bbox 865 1795 948 1817; x_wconf 81' lang='lat' dir='ltr'>vera</span> 
     </span>
     <span class='ocr_line' id='line_1_32' title="bbox 244 1831 698 1872; baseline 0.004 -10"><span class='ocrx_word' id='word_1_162' title='bbox 244 1831 382 1862; x_wconf 91' lang='lat' dir='ltr'>nimium</span> <span class='ocrx_word' id='word_1_163' title='bbox 399 1841 473 1862; x_wconf 84' lang='lat' dir='ltr'>esse</span> <span class='ocrx_word' id='word_1_164' title='bbox 489 1841 554 1863; x_wconf 88' lang='lat' dir='ltr'>non</span> <span class='ocrx_word' id='word_1_165' title='bbox 571 1838 698 1872; x_wconf 85' lang='lat' dir='ltr'>potest.</span> 
     </span>
    </p>

    <p class='ocr_par' dir='ltr' id='par_1_7' title="bbox 242 1881 946 2262">
     <span class='ocr_line' id='line_1_33' title="bbox 288 1881 946 1920; baseline 0.005 -9"><span class='ocrx_word' id='word_1_166' title='bbox 288 1883 328 1911; x_wconf 85' lang='grc'>17</span> <span class='ocrx_word' id='word_1_167' title='bbox 353 1881 376 1911; x_wconf 95' lang='grc' dir='ltr'><em>Ι</em></span> <span class='ocrx_word' id='word_1_168' title='bbox 387 1890 488 1911; x_wconf 79' lang='lat' dir='ltr'>nunc.-</span> <span class='ocrx_word' id='word_1_169' title='bbox 509 1881 689 1920; x_wconf 76' lang='lat' dir='ltr'>argentum]</span> <span class='ocrx_word' id='word_1_170' title='bbox 713 1881 851 1914; x_wconf 85' lang='lat' dir='ltr'>Ironica</span> <span class='ocrx_word' id='word_1_171' title='bbox 867 1893 946 1914; x_wconf 88' lang='lat' dir='ltr'>con·</span> 
     </span>
     <span class='ocr_line' id='line_1_34' title="bbox 245 1929 946 1969; baseline 0.001 -7"><span class='ocrx_word' id='word_1_172' title='bbox 245 1931 367 1962; x_wconf 77' lang='lat' dir='ltr'>cessio.</span> <span class='ocrx_word' id='word_1_173' title='bbox 422 1931 567 1961; x_wconf 80' lang='lat' dir='ltr'>Marmor</span> <span class='ocrx_word' id='word_1_174' title='bbox 595 1929 697 1969; x_wconf 77' lang='lat' dir='ltr'>vetus]</span> <span class='ocrx_word' id='word_1_175' title='bbox 736 1931 872 1962; x_wconf 87' lang='lat' dir='ltr'>Ductos</span> <span class='ocrx_word' id='word_1_176' title='bbox 901 1932 946 1964; x_wconf 84' lang='lat' dir='ltr'>de.</span> 
     </span>
     <span class='ocr_line' id='line_1_35' title="bbox 243 1980 944 2022; baseline 0.001 -10"><span class='ocrx_word' id='word_1_177' title='bbox 243 1990 410 2013; x_wconf 84' lang='lat' dir='ltr'>marmore</span> <span class='ocrx_word' id='word_1_178' title='bbox 424 1981 548 2020; x_wconf 87' lang='lat' dir='ltr'>vultus,</span> <span class='ocrx_word' id='word_1_179' title='bbox 561 1989 621 2012; x_wconf 87' lang='lat' dir='ltr'>seu</span> <span class='ocrx_word' id='word_1_180' title='bbox 633 1980 799 2020; x_wconf 88' lang='lat' dir='ltr'>majorum</span> <span class='ocrx_word' id='word_1_181' title='bbox 813 1980 944 2022; x_wconf 85' lang='lat' dir='ltr'>effigies</span> 
     </span>
     <span class='ocr_line' id='line_1_36' title="bbox 243 2030 944 2072; baseline 0 -10"><span class='ocrx_word' id='word_1_182' title='bbox 243 2031 417 2072; x_wconf 78' lang='lat' dir='ltr'>intelligo:</span> <span class='ocrx_word' id='word_1_183' title='bbox 446 2031 524 2061; x_wconf 90' lang='lat' dir='ltr'>inde</span> <span class='ocrx_word' id='word_1_184' title='bbox 545 2030 633 2061; x_wconf 89' lang='lat' dir='ltr'>enim</span> <span class='ocrx_word' id='word_1_185' title='bbox 658 2031 816 2062; x_wconf 85' lang='lat' dir='ltr'>marmori</span> <span class='ocrx_word' id='word_1_186' title='bbox 835 2030 944 2072; x_wconf 87' lang='lat' dir='ltr'>digni-</span> 
     </span>
     <span class='ocr_line' id='line_1_37' title="bbox 245 2079 945 2121; baseline 0 -9"><span class='ocrx_word' id='word_1_187' title='bbox 245 2084 296 2112; x_wconf 85' lang='lat' dir='ltr'>tas</span> <span class='ocrx_word' id='word_1_188' title='bbox 322 2090 363 2112; x_wconf 88' lang='lat' dir='ltr'>ac</span> <span class='ocrx_word' id='word_1_189' title='bbox 389 2081 550 2121; x_wconf 83' lang='lat' dir='ltr'>pretium.</span> <span class='ocrx_word' id='word_1_190' title='bbox 574 2079 716 2111; x_wconf 73' lang='lat' dir='ltr'>Tor-rent.</span> <span class='ocrx_word' id='word_1_191' title='bbox 761 2081 899 2121; x_wconf 76' lang='lat' dir='ltr'>AEruque</span> <span class='ocrx_word' id='word_1_192' title='bbox 912 2085 945 2112; x_wconf 83' lang='lat' dir='ltr'>et</span> 
     </span>
     <span class='ocr_line' id='line_1_38' title="bbox 243 2129 943 2171; baseline -0.001 -8"><span class='ocrx_word' id='word_1_193' title='bbox 243 2130 344 2171; x_wconf 76' lang='lat' dir='ltr'>artes]</span> <span class='ocrx_word' id='word_1_194' title='bbox 377 2130 494 2162; x_wconf 83' lang='lat' dir='ltr'>AEreas</span> <span class='ocrx_word' id='word_1_195' title='bbox 523 2135 626 2169; x_wconf 87' lang='lat' dir='ltr'>artes,</span> <span class='ocrx_word' id='word_1_196' title='bbox 655 2129 691 2160; x_wconf 89' lang='lat' dir='ltr'>id</span> <span class='ocrx_word' id='word_1_197' title='bbox 721 2135 786 2170; x_wconf 85' lang='lat' dir='ltr'>est,</span> <span class='ocrx_word' id='word_1_198' title='bbox 813 2135 943 2162; x_wconf 83' lang='lat' dir='ltr'>statuas</span> 
     </span>
     <span class='ocr_line' id='line_1_39' title="bbox 244 2180 943 2220; baseline -0.001 -7"><span class='ocrx_word' id='word_1_199' title='bbox 244 2190 365 2220; x_wconf 81' lang='lat' dir='ltr'>oereas,</span> <span class='ocrx_word' id='word_1_200' title='bbox 393 2181 446 2211; x_wconf 88' lang='lat' dir='ltr'>vel</span> <span class='ocrx_word' id='word_1_201' title='bbox 472 2188 552 2211; x_wconf 85' lang='lat' dir='ltr'>vasa</span> <span class='ocrx_word' id='word_1_202' title='bbox 573 2187 663 2211; x_wconf 83' lang='lat' dir='ltr'>aerea</span> <span class='ocrx_word' id='word_1_203' title='bbox 678 2180 784 2212; x_wconf 90' lang='lat' dir='ltr'>multo</span> <span class='ocrx_word' id='word_1_204' title='bbox 799 2180 943 2213; x_wconf 83' lang='lat' dir='ltr'>artificio</span> 
     </span>
     <span class='ocr_line' id='line_1_40' title="bbox 242 2229 423 2262; baseline 0.006 -1"><span class='ocrx_word' id='word_1_205' title='bbox 242 2229 423 2262; x_wconf 78' lang='lat' dir='ltr'>fabricata.</span> 
     </span>
    </p>

    <p class='ocr_par' dir='ltr' id='par_1_8' title="bbox 244 2279 943 2473">
     <span class='ocr_line' id='line_1_41' title="bbox 286 2279 943 2322; baseline -0.002 -9"><span class='ocrx_word' id='word_1_206' title='bbox 286 2284 326 2313; x_wconf 88' lang='lat'>18</span> <span class='ocrx_word' id='word_1_207' title='bbox 349 2280 495 2322; x_wconf 70' lang='lat' dir='ltr'>Suspice]</span> <span class='ocrx_word' id='word_1_208' title='bbox 520 2279 606 2312; x_wconf 89' lang='lat' dir='ltr'>Cum</span> <span class='ocrx_word' id='word_1_209' title='bbox 637 2279 862 2312; x_wconf 81' lang='lat' dir='ltr'>admiratione</span> <span class='ocrx_word' id='word_1_210' title='bbox 891 2291 943 2312; x_wconf 84' lang='lat' dir='ltr'>as-</span> 
     </span>
     <span class='ocr_line' id='line_1_42' title="bbox 244 2329 943 2373; baseline -0.001 -9"><span class='ocrx_word' id='word_1_211' title='bbox 244 2332 332 2373; x_wconf 89' lang='lat' dir='ltr'>pice.</span> <span class='ocrx_word' id='word_1_212' title='bbox 378 2330 505 2373; x_wconf 78' lang='lat' dir='ltr'>Tyn&#39;os]</span> <span class='ocrx_word' id='word_1_213' title='bbox 537 2329 671 2361; x_wconf 85' lang='lat' dir='ltr'>Plinius</span> <span class='ocrx_word' id='word_1_214' title='bbox 701 2339 756 2363; x_wconf 80' lang='lat' dir='ltr'>lx.</span> <span class='ocrx_word' id='word_1_215' title='bbox 786 2340 862 2372; x_wconf 83' lang='lat' dir='ltr'>cap.</span> <span class='ocrx_word' id='word_1_216' title='bbox 890 2334 943 2364; x_wconf 79' lang='grc'>36.</span> 
     </span>
     <span class='ocr_line' id='line_1_43' title="bbox 246 2381 942 2423; baseline -0.001 -9"><span class='ocrx_word' id='word_1_217' title='bbox 246 2383 388 2414; x_wconf 65' lang='lat' dir='ltr'>Torreat.</span> <span class='ocrx_word' id='word_1_218' title='bbox 437 2381 547 2423; x_wconf 79' lang='lat' dir='ltr'>Tyrios</span> <span class='ocrx_word' id='word_1_219' title='bbox 561 2381 676 2418; x_wconf 77' lang='lat' dir='ltr'>mirare</span> <span class='ocrx_word' id='word_1_220' title='bbox 693 2381 823 2422; x_wconf 81' lang='lat' dir='ltr'>colores]</span> <span class='ocrx_word' id='word_1_221' title='bbox 845 2382 942 2414; x_wconf 90' lang='lat' dir='ltr'>Colo-</span> 
     </span>
     <span class='ocr_line' id='line_1_44' title="bbox 245 2441 514 2473; baseline -0.004 -10"><span class='ocrx_word' id='word_1_222' title='bbox 245 2443 298 2464; x_wconf 88' lang='lat' dir='ltr'>res</span> <span class='ocrx_word' id='word_1_223' title='bbox 315 2441 514 2473; x_wconf 83' lang='lat' dir='ltr'>purpureos.</span> 
     </span>
    </p>

    <p class='ocr_par' dir='ltr' id='par_1_9' title="bbox 241 2481 943 2821">
     <span class='ocr_line' id='line_1_45' title="bbox 287 2481 939 2522; baseline 0.002 -10"><span class='ocrx_word' id='word_1_224' title='bbox 287 2485 327 2512; x_wconf 84' lang='grc'>20</span> <span class='ocrx_word' id='word_1_225' title='bbox 370 2483 500 2513; x_wconf 70' lang='lat' dir='ltr'>Gnaeus</span> <span class='ocrx_word' id='word_1_226' title='bbox 527 2490 616 2512; x_wconf 81' lang='lat' dir='ltr'>mune</span> <span class='ocrx_word' id='word_1_227' title='bbox 640 2481 764 2522; x_wconf 81' lang='lat' dir='ltr'>forum]</span> <span class='ocrx_word' id='word_1_228' title='bbox 799 2481 939 2513; x_wconf 83' lang='lat' dir='ltr'>Scribe:</span> 
     </span>
     <span class='ocr_line' id='line_1_46' title="bbox 241 2530 941 2572; baseline 0.003 -10"><span class='ocrx_word' id='word_1_229' title='bbox 241 2533 251 2550; x_wconf 76' lang='lat'><em>⁶</em></span> <span class='ocrx_word' id='word_1_230' title='bbox 264 2531 404 2563; x_wconf 86' lang='lat' dir='ltr'>Gnavus</span> <span class='ocrx_word' id='word_1_231' title='bbox 421 2540 519 2562; x_wconf 88' lang='lat' dir='ltr'>mane</span> <span class='ocrx_word' id='word_1_232' title='bbox 535 2530 657 2571; x_wconf 84' lang='lat' dir='ltr'>forum,</span> <span class='ocrx_word' id='word_1_233' title='bbox 674 2536 711 2562; x_wconf 89' lang='lat' dir='ltr'>et</span> <span class='ocrx_word' id='word_1_234' title='bbox 727 2531 941 2572; x_wconf 84' lang='lat' dir='ltr'>vespertinus</span> 
     </span>
     <span class='ocr_line' id='line_1_47' title="bbox 245 2579 942 2621; baseline 0.004 -11"><span class='ocrx_word' id='word_1_235' title='bbox 245 2585 326 2621; x_wconf 90' lang='lat' dir='ltr'>pete</span> <span class='ocrx_word' id='word_1_236' title='bbox 345 2584 494 2610; x_wconf 82' lang='lat' dir='ltr'>tectum:</span> <span class='ocrx_word' id='word_1_237' title='bbox 519 2581 573 2612; x_wconf 90' lang='lat' dir='ltr'>Ne</span> <span class='ocrx_word' id='word_1_238' title='bbox 599 2581 674 2621; x_wconf 86' lang='lat' dir='ltr'>plus</span> <span class='ocrx_word' id='word_1_239' title='bbox 694 2579 857 2613; x_wconf 83' lang='lat' dir='ltr'>frumenti</span> <span class='ocrx_word' id='word_1_240' title='bbox 883 2581 942 2613; x_wconf 88' lang='lat' dir='ltr'>do·</span> 
     </span>
     <span class='ocr_line' id='line_1_48' title="bbox 244 2629 941 2669; baseline 0.003 -8"><span class='ocrx_word' id='word_1_241' title='bbox 244 2629 370 2661; x_wconf 83' lang='lat' dir='ltr'>talibus</span> <span class='ocrx_word' id='word_1_242' title='bbox 394 2633 522 2660; x_wconf 86' lang='lat' dir='ltr'>emetat</span> <span class='ocrx_word' id='word_1_243' title='bbox 544 2631 634 2669; x_wconf 74' lang='lat' dir='ltr'>agris</span> <span class='ocrx_word' id='word_1_244' title='bbox 653 2630 814 2662; x_wconf 71' lang='lat' dir='ltr'>Mucius!</span> <span class='ocrx_word' id='word_1_245' title='bbox 858 2631 941 2662; x_wconf 90' lang='lat' dir='ltr'>Om-</span> 
     </span>
     <span class='ocr_line' id='line_1_49' title="bbox 246 2678 942 2721; baseline 0.004 -12"><span class='ocrx_word' id='word_1_246' title='bbox 246 2687 321 2709; x_wconf 83' lang='lat' dir='ltr'>nem</span> <span class='ocrx_word' id='word_1_247' title='bbox 337 2687 451 2709; x_wconf 87' lang='lat' dir='ltr'>curam</span> <span class='ocrx_word' id='word_1_248' title='bbox 476 2687 516 2709; x_wconf 92' lang='lat' dir='ltr'>ac</span> <span class='ocrx_word' id='word_1_249' title='bbox 540 2678 699 2714; x_wconf 76' lang='lat' dir='ltr'>studium,</span> <span class='ocrx_word' id='word_1_250' title='bbox 712 2679 884 2721; x_wconf 76' lang='lat' dir='ltr'>impende,</span> <span class='ocrx_word' id='word_1_251' title='bbox 898 2690 942 2712; x_wconf 90' lang='lat' dir='ltr'>ne</span> 
     </span>
     <span class='ocr_line' id='line_1_50' title="bbox 243 2727 941 2768; baseline 0.006 -10"><span class='ocrx_word' id='word_1_252' title='bbox 243 2727 365 2768; x_wconf 90' lang='lat' dir='ltr'>opibus</span> <span class='ocrx_word' id='word_1_253' title='bbox 390 2732 422 2758; x_wconf 88' lang='lat' dir='ltr'>te</span> <span class='ocrx_word' id='word_1_254' title='bbox 446 2727 627 2758; x_wconf 85' lang='lat' dir='ltr'>antecedat</span> <span class='ocrx_word' id='word_1_255' title='bbox 649 2728 795 2760; x_wconf 90' lang='lat' dir='ltr'>Mucius.</span> <span class='ocrx_word' id='word_1_256' title='bbox 840 2730 941 2761; x_wconf 88' lang='lat' dir='ltr'>Illum</span> 
     </span>
     <span class='ocr_line' id='line_1_51' title="bbox 244 2776 943 2821; baseline 0.006 -12"><span class='ocrx_word' id='word_1_257' title='bbox 244 2778 416 2817; x_wconf 79' lang='lat' dir='ltr'>aemulare,</span> <span class='ocrx_word' id='word_1_258' title='bbox 431 2776 523 2808; x_wconf 87' lang='lat' dir='ltr'>illum</span> <span class='ocrx_word' id='word_1_259' title='bbox 540 2776 662 2808; x_wconf 84' lang='lat' dir='ltr'>mirare</span> <span class='ocrx_word' id='word_1_260' title='bbox 683 2778 795 2818; x_wconf 88' lang='lat' dir='ltr'>potius</span> <span class='ocrx_word' id='word_1_261' title='bbox 812 2789 943 2821; x_wconf 85' lang='lat' dir='ltr'>posses·</span> 
     </span>
    </p>
   </div>
   <div class='ocr_carea' id='block_1_3' title="bbox 887 241 1235 273">
    <p class='ocr_par' dir='ltr' id='par_1_10' title="bbox 887 241 1235 273">
     <span class='ocr_line' id='line_1_52' title="bbox 887 241 1235 273; baseline 0.006 -2"><span class='ocrx_word' id='word_1_262' title='bbox 887 241 1148 273; x_wconf 76' lang='lat' dir='ltr'>VARIORUM</span> <span class='ocrx_word' id='word_1_263' title='bbox 1183 244 1235 273; x_wconf 84' lang='lat' dir='ltr'>IN</span> 
     </span>
    </p>
   </div>
   <div class='ocr_carea' id='block_1_4' title="bbox 986 335 1746 2813">
    <p class='ocr_par' dir='ltr' id='par_1_11' title="bbox 995 335 1746 724">
     <span class='ocr_line' id='line_1_53' title="bbox 998 335 1695 377; baseline 0.009 -11"><span class='ocrx_word' id='word_1_264' title='bbox 998 335 1129 367; x_wconf 87' lang='lat' dir='ltr'>sionum</span> <span class='ocrx_word' id='word_1_265' title='bbox 1157 345 1272 376; x_wconf 81' lang='lat' dir='ltr'>causa,</span> <span class='ocrx_word' id='word_1_266' title='bbox 1299 345 1399 377; x_wconf 89' lang='lat' dir='ltr'>quam</span> <span class='ocrx_word' id='word_1_267' title='bbox 1425 339 1464 368; x_wconf 87' lang='lat' dir='ltr'>nt</span> <span class='ocrx_word' id='word_1_268' title='bbox 1481 337 1541 369; x_wconf 89' lang='lat' dir='ltr'>ille</span> <span class='ocrx_word' id='word_1_269' title='bbox 1561 337 1695 372; x_wconf 78' lang='lat' dir='ltr'>virtutis</span> 
     </span>
     <span class='ocr_line' id='line_1_54' title="bbox 997 385 1696 429; baseline 0.01 -14"><span class='ocrx_word' id='word_1_270' title='bbox 997 389 1058 415; x_wconf 84' lang='lat' dir='ltr'>ant</span> <span class='ocrx_word' id='word_1_271' title='bbox 1079 385 1220 417; x_wconf 84' lang='lat' dir='ltr'>aliarum</span> <span class='ocrx_word' id='word_1_272' title='bbox 1249 395 1359 417; x_wconf 83' lang='lat' dir='ltr'>rernm</span> <span class='ocrx_word' id='word_1_273' title='bbox 1387 396 1491 418; x_wconf 77' lang='lat' dir='ltr'>causa</span> <span class='ocrx_word' id='word_1_274' title='bbox 1513 387 1622 429; x_wconf 83' lang='lat' dir='ltr'>(qnod</span> <span class='ocrx_word' id='word_1_275' title='bbox 1645 390 1696 422; x_wconf 87' lang='lat' dir='ltr'>iu-</span> 
     </span>
     <span class='ocr_line' id='line_1_55' title="bbox 997 434 1697 474; baseline 0.009 -9"><span class='ocrx_word' id='word_1_276' title='bbox 997 434 1136 474; x_wconf 79' lang='lat' dir='ltr'>dignum</span> <span class='ocrx_word' id='word_1_277' title='bbox 1163 434 1277 474; x_wconf 80' lang='lat' dir='ltr'>fuerit,</span> <span class='ocrx_word' id='word_1_278' title='bbox 1302 446 1377 468; x_wconf 85' lang='lat' dir='ltr'>cum</span> <span class='ocrx_word' id='word_1_279' title='bbox 1403 436 1631 470; x_wconf 82' lang='lat' dir='ltr'>deterioribus</span> <span class='ocrx_word' id='word_1_280' title='bbox 1651 439 1697 472; x_wconf 83' lang='lat' dir='ltr'>sit</span> 
     </span>
     <span class='ocr_line' id='line_1_56' title="bbox 997 484 1698 527; baseline 0.004 -11"><span class='ocrx_word' id='word_1_281' title='bbox 997 484 1108 526; x_wconf 83' lang='lat' dir='ltr'>ortus)</span> <span class='ocrx_word' id='word_1_282' title='bbox 1130 489 1166 517; x_wconf 93' lang='lat' dir='ltr'>te</span> <span class='ocrx_word' id='word_1_283' title='bbox 1189 486 1342 518; x_wconf 85' lang='lat' dir='ltr'>miretur.</span> <span class='ocrx_word' id='word_1_284' title='bbox 1386 486 1634 527; x_wconf 82' lang='lat' dir='ltr'>Argumentum</span> <span class='ocrx_word' id='word_1_285' title='bbox 1654 488 1698 520; x_wconf 82' lang='lat' dir='ltr'>ab</span> 
     </span>
     <span class='ocr_line' id='line_1_57' title="bbox 997 534 1746 578; baseline 0.004 -13"><span class='ocrx_word' id='word_1_286' title='bbox 997 534 1156 567; x_wconf 89' lang='lat' dir='ltr'>absurdo.</span> <span class='ocrx_word' id='word_1_287' title='bbox 1179 535 1344 567; x_wconf 76' lang='lat' dir='ltr'>Heinsius.</span> <span class='ocrx_word' id='word_1_288' title='bbox 1390 537 1520 568; x_wconf 71' lang='lat' dir='ltr'>Gnaeus</span> <span class='ocrx_word' id='word_1_289' title='bbox 1537 547 1627 568; x_wconf 72' lang='lat' dir='ltr'>mne</span> <span class='ocrx_word' id='word_1_290' title='bbox 1642 534 1698 574; x_wconf 78' lang='lat' dir='ltr'>Jo-</span> <span class='ocrx_word' id='word_1_291' title='bbox 1740 573 1746 578; x_wconf 94' lang='lat'>.</span> 
     </span>
     <span class='ocr_line' id='line_1_58' title="bbox 995 585 1697 626; baseline 0.004 -11"><span class='ocrx_word' id='word_1_292' title='bbox 995 593 1078 624; x_wconf 83' lang='lat' dir='ltr'>rum,</span> <span class='ocrx_word' id='word_1_293' title='bbox 1106 585 1178 626; x_wconf 47' lang='lat' dir='ltr'>irc-J</span> <span class='ocrx_word' id='word_1_294' title='bbox 1212 585 1262 616; x_wconf 84' lang='lat' dir='ltr'>Tu</span> <span class='ocrx_word' id='word_1_295' title='bbox 1289 594 1416 626; x_wconf 84' lang='lat' dir='ltr'>gnavus</span> <span class='ocrx_word' id='word_1_296' title='bbox 1445 590 1483 617; x_wconf 91' lang='lat' dir='ltr'>et</span> <span class='ocrx_word' id='word_1_297' title='bbox 1511 586 1697 618; x_wconf 86' lang='lat' dir='ltr'>industrius</span> 
     </span>
     <span class='ocr_line' id='line_1_59' title="bbox 997 633 1699 675; baseline 0.006 -11"><span class='ocrx_word' id='word_1_298' title='bbox 997 634 1106 674; x_wconf 78' lang='lat' dir='ltr'>prima</span> <span class='ocrx_word' id='word_1_299' title='bbox 1122 635 1198 665; x_wconf 87' lang='lat' dir='ltr'>luce</span> <span class='ocrx_word' id='word_1_300' title='bbox 1213 633 1331 666; x_wconf 85' lang='lat' dir='ltr'>confer</span> <span class='ocrx_word' id='word_1_301' title='bbox 1348 640 1382 666; x_wconf 88' lang='lat' dir='ltr'>te</span> <span class='ocrx_word' id='word_1_302' title='bbox 1395 635 1429 666; x_wconf 93' lang='lat' dir='ltr'>in</span> <span class='ocrx_word' id='word_1_303' title='bbox 1440 634 1610 675; x_wconf 80' lang='lat' dir='ltr'>forum,et</span> <span class='ocrx_word' id='word_1_304' title='bbox 1625 645 1699 668; x_wconf 83' lang='lat' dir='ltr'>ves-</span> 
     </span>
     <span class='ocr_line' id='line_1_60' title="bbox 997 683 1655 724; baseline 0.005 -10"><span class='ocrx_word' id='word_1_305' title='bbox 997 684 1070 724; x_wconf 82' lang='lat' dir='ltr'>peri</span> <span class='ocrx_word' id='word_1_306' title='bbox 1086 683 1222 715; x_wconf 88' lang='lat' dir='ltr'>domum</span> <span class='ocrx_word' id='word_1_307' title='bbox 1236 684 1358 723; x_wconf 84' lang='lat' dir='ltr'>redito,</span> <span class='ocrx_word' id='word_1_308' title='bbox 1373 694 1416 715; x_wconf 87' lang='lat' dir='ltr'>ne</span> <span class='ocrx_word' id='word_1_309' title='bbox 1432 685 1578 724; x_wconf 86' lang='lat' dir='ltr'>Mucius,</span> <span class='ocrx_word' id='word_1_310' title='bbox 1588 686 1655 717; x_wconf 78' lang='lat' dir='ltr'>&amp;c-</span> 
     </span>
    </p>

    <p class='ocr_par' dir='ltr' id='par_1_12' title="bbox 986 733 1699 2016">
     <span class='ocr_line' id='line_1_61' title="bbox 1038 733 1698 775; baseline 0.005 -11"><span class='ocrx_word' id='word_1_311' title='bbox 1038 735 1079 764; x_wconf 83' lang='lat'>21</span> <span class='ocrx_word' id='word_1_312' title='bbox 1104 733 1157 764; x_wconf 85' lang='lat' dir='ltr'>Ne</span> <span class='ocrx_word' id='word_1_313' title='bbox 1169 733 1239 773; x_wconf 73' lang='lat' dir='ltr'>plus</span> <span class='ocrx_word' id='word_1_314' title='bbox 1250 734 1424 775; x_wconf 78' lang='lat' dir='ltr'>frumenti]</span> <span class='ocrx_word' id='word_1_315' title='bbox 1450 734 1609 766; x_wconf 73' lang='lat' dir='ltr'>Pendeat</span> <span class='ocrx_word' id='word_1_316' title='bbox 1624 735 1698 767; x_wconf 75' lang='lat' dir='ltr'>baec</span> 
     </span>
     <span class='ocr_line' id='line_1_62' title="bbox 997 783 1696 823; baseline 0.003 -10"><span class='ocrx_word' id='word_1_317' title='bbox 997 792 1017 813; x_wconf 89' lang='lat' dir='ltr'>a</span> <span class='ocrx_word' id='word_1_318' title='bbox 1042 783 1272 823; x_wconf 86' lang='lat' dir='ltr'>superioribus</span> <span class='ocrx_word' id='word_1_319' title='bbox 1298 784 1332 814; x_wconf 87' lang='lat' dir='ltr'>iu</span> <span class='ocrx_word' id='word_1_320' title='bbox 1359 784 1447 815; x_wconf 87' lang='lat' dir='ltr'>hanc</span> <span class='ocrx_word' id='word_1_321' title='bbox 1467 784 1696 816; x_wconf 83' lang='lat' dir='ltr'>sententiam:</span> 
     </span>
     <span class='ocr_line' id='line_1_63' title="bbox 997 831 1696 876; baseline 0.006 -14"><span class='ocrx_word' id='word_1_322' title='bbox 997 831 1118 863; x_wconf 82' lang='lat' dir='ltr'>Gaude</span> <span class='ocrx_word' id='word_1_323' title='bbox 1133 832 1177 864; x_wconf 91' lang='lat' dir='ltr'>ob</span> <span class='ocrx_word' id='word_1_324' title='bbox 1194 839 1326 874; x_wconf 83' lang='lat' dir='ltr'>partam</span> <span class='ocrx_word' id='word_1_325' title='bbox 1339 834 1581 876; x_wconf 83' lang='lat' dir='ltr'>eloquentiam,</span> <span class='ocrx_word' id='word_1_326' title='bbox 1595 843 1696 875; x_wconf 86' lang='lat' dir='ltr'>quam</span> 
     </span>
     <span class='ocr_line' id='line_1_64' title="bbox 997 881 1696 915; baseline 0.004 -3"><span class='ocrx_word' id='word_1_327' title='bbox 997 881 1180 914; x_wconf 85' lang='lat' dir='ltr'>multitudo</span> <span class='ocrx_word' id='word_1_328' title='bbox 1195 883 1301 914; x_wconf 83' lang='lat' dir='ltr'>omnis</span> <span class='ocrx_word' id='word_1_329' title='bbox 1313 883 1346 914; x_wconf 90' lang='lat' dir='ltr'>in</span> <span class='ocrx_word' id='word_1_330' title='bbox 1359 888 1392 914; x_wconf 89' lang='lat' dir='ltr'>te</span> <span class='ocrx_word' id='word_1_331' title='bbox 1405 883 1612 915; x_wconf 83' lang='lat' dir='ltr'>admiratur:</span> <span class='ocrx_word' id='word_1_332' title='bbox 1635 883 1696 915; x_wconf 86' lang='lat' dir='ltr'>sed</span> 
     </span>
     <span class='ocr_line' id='line_1_65' title="bbox 996 931 1697 974; baseline 0.004 -12"><span class='ocrx_word' id='word_1_333' title='bbox 996 931 1152 972; x_wconf 80' lang='lat' dir='ltr'>ingentes</span> <span class='ocrx_word' id='word_1_334' title='bbox 1181 937 1219 964; x_wconf 89' lang='lat' dir='ltr'>ut</span> <span class='ocrx_word' id='word_1_335' title='bbox 1255 933 1335 964; x_wconf 88' lang='lat' dir='ltr'>inde</span> <span class='ocrx_word' id='word_1_336' title='bbox 1372 942 1455 974; x_wconf 88' lang='lat' dir='ltr'>opes</span> <span class='ocrx_word' id='word_1_337' title='bbox 1491 942 1697 973; x_wconf 88' lang='lat' dir='ltr'>componere</span> 
     </span>
     <span class='ocr_line' id='line_1_66' title="bbox 997 981 1698 1023; baseline 0.001 -11"><span class='ocrx_word' id='word_1_338' title='bbox 997 981 1117 1022; x_wconf 83' lang='lat' dir='ltr'>possis,</span> <span class='ocrx_word' id='word_1_339' title='bbox 1154 982 1227 1014; x_wconf 84' lang='lat' dir='ltr'>dies</span> <span class='ocrx_word' id='word_1_340' title='bbox 1265 987 1356 1014; x_wconf 87' lang='lat' dir='ltr'>totos</span> <span class='ocrx_word' id='word_1_341' title='bbox 1390 981 1466 1014; x_wconf 81' lang='lat' dir='ltr'>foro</span> <span class='ocrx_word' id='word_1_342' title='bbox 1502 982 1698 1023; x_wconf 82' lang='lat' dir='ltr'>invigilans,</span> 
     </span>
     <span class='ocr_line' id='line_1_67' title="bbox 997 1033 1697 1072; baseline 0.003 -10"><span class='ocrx_word' id='word_1_343' title='bbox 997 1040 1132 1063; x_wconf 78' lang='lat' dir='ltr'>caussas</span> <span class='ocrx_word' id='word_1_344' title='bbox 1148 1041 1234 1072; x_wconf 80' lang='lat' dir='ltr'>age3</span> <span class='ocrx_word' id='word_1_345' title='bbox 1254 1041 1299 1063; x_wconf 88' lang='lat' dir='ltr'>ne</span> <span class='ocrx_word' id='word_1_346' title='bbox 1321 1033 1349 1064; x_wconf 89' lang='lat' dir='ltr'>si</span> <span class='ocrx_word' id='word_1_347' title='bbox 1365 1042 1491 1068; x_wconf 84' lang='lat' dir='ltr'>cesses,</span> <span class='ocrx_word' id='word_1_348' title='bbox 1506 1036 1619 1064; x_wconf 90' lang='lat' dir='ltr'>mutus</span> <span class='ocrx_word' id='word_1_349' title='bbox 1636 1033 1697 1064; x_wconf 85' lang='lat' dir='ltr'>ali-</span> 
     </span>
     <span class='ocr_line' id='line_1_68' title="bbox 996 1081 1697 1124; baseline 0.001 -12"><span class='ocrx_word' id='word_1_350' title='bbox 996 1081 1072 1122; x_wconf 88' lang='lat' dir='ltr'>quis</span> <span class='ocrx_word' id='word_1_351' title='bbox 1100 1086 1206 1123; x_wconf 83' lang='lat' dir='ltr'>atque</span> <span class='ocrx_word' id='word_1_352' title='bbox 1227 1082 1371 1123; x_wconf 84' lang='lat' dir='ltr'>elinguis</span> <span class='ocrx_word' id='word_1_353' title='bbox 1393 1087 1430 1114; x_wconf 91' lang='lat' dir='ltr'>et</span> <span class='ocrx_word' id='word_1_354' title='bbox 1451 1082 1560 1124; x_wconf 88' lang='lat' dir='ltr'>(quod</span> <span class='ocrx_word' id='word_1_355' title='bbox 1586 1082 1697 1123; x_wconf 77' lang='lat' dir='ltr'>iudig-</span> 
     </span>
     <span class='ocr_line' id='line_1_69' title="bbox 996 1127 1699 1173; baseline 0.001 -12"><span class='ocrx_word' id='word_1_356' title='bbox 996 1139 1075 1161; x_wconf 88' lang='lat' dir='ltr'>num</span> <span class='ocrx_word' id='word_1_357' title='bbox 1091 1129 1154 1172; x_wconf 84' lang='lat' dir='ltr'>sit)</span> <span class='ocrx_word' id='word_1_358' title='bbox 1169 1132 1275 1163; x_wconf 88' lang='lat' dir='ltr'>multo</span> <span class='ocrx_word' id='word_1_359' title='bbox 1291 1136 1326 1163; x_wconf 86' lang='lat' dir='ltr'>te</span> <span class='ocrx_word' id='word_1_360' title='bbox 1342 1127 1532 1173; x_wconf 81' lang='lat' dir='ltr'>ignobilior.</span> <span class='ocrx_word' id='word_1_361' title='bbox 1544 1133 1616 1163; x_wconf 87' lang='lat' dir='ltr'>sola</span> <span class='ocrx_word' id='word_1_362' title='bbox 1630 1141 1699 1163; x_wconf 81' lang='lat' dir='ltr'>ma-</span> 
     </span>
     <span class='ocr_line' id='line_1_70' title="bbox 996 1180 1698 1222; baseline 0.003 -12"><span class='ocrx_word' id='word_1_363' title='bbox 996 1180 1146 1211; x_wconf 91' lang='lat' dir='ltr'>trimonii</span> <span class='ocrx_word' id='word_1_364' title='bbox 1168 1184 1275 1220; x_wconf 88' lang='lat' dir='ltr'>sorte,</span> <span class='ocrx_word' id='word_1_365' title='bbox 1291 1181 1367 1222; x_wconf 90' lang='lat' dir='ltr'>plus</span> <span class='ocrx_word' id='word_1_366' title='bbox 1387 1180 1550 1212; x_wconf 79' lang='lat' dir='ltr'>frumenti</span> <span class='ocrx_word' id='word_1_367' title='bbox 1573 1190 1698 1222; x_wconf 78' lang='lat' dir='ltr'>conge-</span> 
     </span>
     <span class='ocr_line' id='line_1_71' title="bbox 996 1231 1697 1272; baseline 0.001 -10"><span class='ocrx_word' id='word_1_368' title='bbox 996 1235 1062 1271; x_wconf 88' lang='lat' dir='ltr'>rat,</span> <span class='ocrx_word' id='word_1_369' title='bbox 1075 1240 1178 1272; x_wconf 88' lang='lat' dir='ltr'>quam</span> <span class='ocrx_word' id='word_1_370' title='bbox 1193 1235 1230 1263; x_wconf 86' lang='lat' dir='ltr'>tu</span> <span class='ocrx_word' id='word_1_371' title='bbox 1247 1235 1346 1264; x_wconf 83' lang='lat' dir='ltr'>tanta</span> <span class='ocrx_word' id='word_1_372' title='bbox 1361 1236 1420 1263; x_wconf 82' lang='lat' dir='ltr'>tua</span> <span class='ocrx_word' id='word_1_373' title='bbox 1434 1231 1610 1264; x_wconf 84' lang='lat' dir='ltr'>industria.</span> <span class='ocrx_word' id='word_1_374' title='bbox 1633 1231 1697 1263; x_wconf 79' lang='lat' dir='ltr'>Le-</span> 
     </span>
     <span class='ocr_line' id='line_1_72' title="bbox 997 1281 1698 1322; baseline 0.001 -10"><span class='ocrx_word' id='word_1_375' title='bbox 997 1291 1040 1322; x_wconf 88' lang='lat' dir='ltr'>go</span> <span class='ocrx_word' id='word_1_376' title='bbox 1060 1281 1177 1322; x_wconf 73' lang='lat' dir='ltr'>igitnr,</span> <span class='ocrx_word' id='word_1_377' title='bbox 1193 1281 1475 1322; x_wconf 86' lang='lat' dir='ltr'>quemadmodum</span> <span class='ocrx_word' id='word_1_378' title='bbox 1491 1282 1525 1313; x_wconf 91' lang='lat' dir='ltr'>in</span> <span class='ocrx_word' id='word_1_379' title='bbox 1542 1281 1698 1313; x_wconf 89' lang='lat' dir='ltr'>omnibus</span> 
     </span>
     <span class='ocr_line' id='line_1_73' title="bbox 997 1331 1697 1373; baseline 0 -11"><span class='ocrx_word' id='word_1_380' title='bbox 997 1332 1142 1362; x_wconf 87' lang='lat' dir='ltr'>vetustis</span> <span class='ocrx_word' id='word_1_381' title='bbox 1157 1332 1410 1372; x_wconf 85' lang='lat' dir='ltr'>exemplaribus</span> <span class='ocrx_word' id='word_1_382' title='bbox 1436 1331 1603 1372; x_wconf 87' lang='lat' dir='ltr'>scriptum</span> <span class='ocrx_word' id='word_1_383' title='bbox 1619 1341 1697 1373; x_wconf 89' lang='lat' dir='ltr'>rep-</span> 
     </span>
     <span class='ocr_line' id='line_1_74' title="bbox 997 1381 1697 1423; baseline 0.003 -12"><span class='ocrx_word' id='word_1_384' title='bbox 997 1381 1070 1421; x_wconf 87' lang='lat' dir='ltr'>peri</span> <span class='ocrx_word' id='word_1_385' title='bbox 1084 1392 1092 1411; x_wconf 72' lang='grc' dir='ltr'><strong>ε</strong></span> <span class='ocrx_word' id='word_1_386' title='bbox 1113 1382 1228 1413; x_wconf 69' lang='lat' dir='ltr'>Mutus</span> <span class='ocrx_word' id='word_1_387' title='bbox 1251 1385 1284 1413; x_wconf 78' lang='lat' dir='ltr'>et</span> <span class='ocrx_word' id='word_1_388' title='bbox 1305 1381 1470 1422; x_wconf 73' lang='lat' dir='ltr'>indignum</span> <span class='ocrx_word' id='word_1_389' title='bbox 1482 1383 1563 1423; x_wconf 76' lang='lat' dir='ltr'>quod</span> <span class='ocrx_word' id='word_1_390' title='bbox 1575 1382 1632 1421; x_wconf 76' lang='lat' dir='ltr'>sit,</span> <span class='ocrx_word' id='word_1_391' title='bbox 1643 1392 1697 1423; x_wconf 82' lang='lat' dir='ltr'>pe-</span> 
     </span>
     <span class='ocr_line' id='line_1_75' title="bbox 986 1430 1699 1473; baseline 0.003 -12"><span class='ocrx_word' id='word_1_392' title='bbox 986 1430 1113 1469; x_wconf 75' lang='lat' dir='ltr'>joribus</span> <span class='ocrx_word' id='word_1_393' title='bbox 1125 1435 1224 1464; x_wconf 79' lang='lat' dir='ltr'>ortus.</span> <span class='ocrx_word' id='word_1_394' title='bbox 1266 1431 1405 1463; x_wconf 88' lang='lat' dir='ltr'>Deinde</span> <span class='ocrx_word' id='word_1_395' title='bbox 1430 1441 1492 1473; x_wconf 90' lang='lat' dir='ltr'>per</span> <span class='ocrx_word' id='word_1_396' title='bbox 1506 1432 1699 1472; x_wconf 82' lang='lat' dir='ltr'>iuterroga-</span> 
     </span>
     <span class='ocr_line' id='line_1_76' title="bbox 996 1481 1698 1523; baseline 0.001 -11"><span class='ocrx_word' id='word_1_397' title='bbox 996 1481 1147 1513; x_wconf 88' lang='lat' dir='ltr'>tionem:</span> <span class='ocrx_word' id='word_1_398' title='bbox 1171 1481 1238 1513; x_wconf 80' lang='lat' dir='ltr'>Hic</span> <span class='ocrx_word' id='word_1_399' title='bbox 1265 1482 1324 1513; x_wconf 77' lang='lat' dir='ltr'>tibi</span> <span class='ocrx_word' id='word_1_400' title='bbox 1348 1482 1393 1514; x_wconf 80' lang='lat' dir='ltr'>sit</span> <span class='ocrx_word' id='word_1_401' title='bbox 1413 1482 1520 1523; x_wconf 73' lang='lat' dir='ltr'>potius</span> <span class='ocrx_word' id='word_1_402' title='bbox 1545 1491 1637 1523; x_wconf 76' lang='lat' dir='ltr'>quam</span> <span class='ocrx_word' id='word_1_403' title='bbox 1661 1485 1698 1514; x_wconf 71' lang='lat' dir='ltr'>tu</span> 
     </span>
     <span class='ocr_line' id='line_1_77' title="bbox 994 1529 1698 1563; baseline 0 -1"><span class='ocrx_word' id='word_1_404' title='bbox 994 1530 1150 1562; x_wconf 70' lang='lat' dir='ltr'>mirabilis</span> <span class='ocrx_word' id='word_1_405' title='bbox 1183 1529 1257 1563; x_wconf 73' lang='lat' dir='ltr'>iai?</span> <span class='ocrx_word' id='word_1_406' title='bbox 1306 1532 1404 1563; x_wconf 89' lang='lat' dir='ltr'>Scire</span> <span class='ocrx_word' id='word_1_407' title='bbox 1441 1531 1531 1563; x_wconf 89' lang='lat' dir='ltr'>enim</span> <span class='ocrx_word' id='word_1_408' title='bbox 1567 1531 1698 1563; x_wconf 82' lang='lat' dir='ltr'>debent</span> 
     </span>
     <span class='ocr_line' id='line_1_78' title="bbox 994 1580 1696 1622; baseline 0.001 -11"><span class='ocrx_word' id='word_1_409' title='bbox 994 1581 1124 1612; x_wconf 86' lang='lat' dir='ltr'>nullum</span> <span class='ocrx_word' id='word_1_410' title='bbox 1146 1580 1264 1613; x_wconf 78' lang='lat' dir='ltr'>Romae</span> <span class='ocrx_word' id='word_1_411' title='bbox 1292 1586 1460 1622; x_wconf 66' lang='lat' dir='ltr'>quaestum</span> <span class='ocrx_word' id='word_1_412' title='bbox 1484 1581 1612 1613; x_wconf 84' lang='lat' dir='ltr'>caussis</span> <span class='ocrx_word' id='word_1_413' title='bbox 1631 1581 1696 1613; x_wconf 88' lang='lat' dir='ltr'>illis</span> 
     </span>
     <span class='ocr_line' id='line_1_79' title="bbox 994 1629 1697 1671; baseline 0.001 -10"><span class='ocrx_word' id='word_1_414' title='bbox 994 1629 1186 1662; x_wconf 87' lang='lat' dir='ltr'>forensibus</span> <span class='ocrx_word' id='word_1_415' title='bbox 1201 1631 1392 1662; x_wconf 89' lang='lat' dir='ltr'>uberiorem</span> <span class='ocrx_word' id='word_1_416' title='bbox 1419 1630 1537 1670; x_wconf 82' lang='lat' dir='ltr'>fuisse,</span> <span class='ocrx_word' id='word_1_417' title='bbox 1553 1640 1697 1671; x_wconf 67' lang='lat' dir='ltr'>praeser-</span> 
     </span>
     <span class='ocr_line' id='line_1_80' title="bbox 995 1679 1695 1721; baseline 0.001 -10"><span class='ocrx_word' id='word_1_418' title='bbox 995 1679 1055 1711; x_wconf 89' lang='lat' dir='ltr'>tim</span> <span class='ocrx_word' id='word_1_419' title='bbox 1083 1681 1111 1712; x_wconf 85' lang='lat' dir='ltr'>si</span> <span class='ocrx_word' id='word_1_420' title='bbox 1137 1681 1268 1713; x_wconf 86' lang='lat' dir='ltr'>dicenti</span> <span class='ocrx_word' id='word_1_421' title='bbox 1289 1679 1540 1721; x_wconf 82' lang='lat' dir='ltr'>suffragabatur</span> <span class='ocrx_word' id='word_1_422' title='bbox 1558 1680 1695 1712; x_wconf 75' lang='lat' dir='ltr'>familiae</span> 
     </span>
     <span class='ocr_line' id='line_1_81' title="bbox 994 1729 1695 1772; baseline 0.003 -12"><span class='ocrx_word' id='word_1_423' title='bbox 994 1729 1154 1770; x_wconf 80' lang='lat' dir='ltr'>dignitas.</span> <span class='ocrx_word' id='word_1_424' title='bbox 1199 1730 1315 1772; x_wconf 90' lang='lat' dir='ltr'>Atque</span> <span class='ocrx_word' id='word_1_425' title='bbox 1345 1731 1397 1762; x_wconf 83' lang='lat' dir='ltr'>ita</span> <span class='ocrx_word' id='word_1_426' title='bbox 1429 1731 1536 1763; x_wconf 86' lang='lat' dir='ltr'>Mart.</span> <span class='ocrx_word' id='word_1_427' title='bbox 1563 1734 1573 1749; x_wconf 78' lang='lat'>⁸</span> <span class='ocrx_word' id='word_1_428' title='bbox 1591 1731 1695 1762; x_wconf 77' lang='lat' dir='ltr'>Dives</span> 
     </span>
     <span class='ocr_line' id='line_1_82' title="bbox 994 1780 1696 1822; baseline 0.001 -12"><span class='ocrx_word' id='word_1_429' title='bbox 994 1780 1062 1810; x_wconf 90' lang='lat' dir='ltr'>eris</span> <span class='ocrx_word' id='word_1_430' title='bbox 1086 1780 1206 1811; x_wconf 77' lang='lat' dir='ltr'>Romoe</span> <span class='ocrx_word' id='word_1_431' title='bbox 1228 1781 1256 1811; x_wconf 92' lang='lat' dir='ltr'>si</span> <span class='ocrx_word' id='word_1_432' title='bbox 1276 1789 1410 1812; x_wconf 81' lang='lat' dir='ltr'>caussas</span> <span class='ocrx_word' id='word_1_433' title='bbox 1424 1780 1547 1821; x_wconf 69' lang='lat' dir='ltr'>egeris,</span> <span class='ocrx_word' id='word_1_434' title='bbox 1562 1780 1696 1822; x_wconf 88' lang='lat' dir='ltr'>inquis.&#39;</span> 
     </span>
     <span class='ocr_line' id='line_1_83' title="bbox 998 1829 1695 1872; baseline 0.003 -12"><span class='ocrx_word' id='word_1_435' title='bbox 998 1829 1139 1861; x_wconf 69' lang='lat' dir='ltr'>Tor-rent.</span> <span class='ocrx_word' id='word_1_436' title='bbox 1189 1831 1352 1862; x_wconf 66' lang='lat' dir='ltr'>notatim</span> <span class='ocrx_word' id='word_1_437' title='bbox 1370 1833 1484 1862; x_wconf 69' lang='lat' dir='ltr'>essem</span> <span class='ocrx_word' id='word_1_438' title='bbox 1509 1831 1614 1872; x_wconf 77' lang='lat' dir='ltr'>agris]</span> <span class='ocrx_word' id='word_1_439' title='bbox 1641 1831 1695 1862; x_wconf 85' lang='lat' dir='ltr'>Ne</span> 
     </span>
     <span class='ocr_line' id='line_1_84' title="bbox 995 1879 1695 1922; baseline 0.006 -14"><span class='ocrx_word' id='word_1_440' title='bbox 995 1883 1104 1909; x_wconf 88' lang='lat' dir='ltr'>metat</span> <span class='ocrx_word' id='word_1_441' title='bbox 1129 1883 1164 1909; x_wconf 91' lang='lat' dir='ltr'>et</span> <span class='ocrx_word' id='word_1_442' title='bbox 1191 1879 1344 1919; x_wconf 86' lang='lat' dir='ltr'>excipiat</span> <span class='ocrx_word' id='word_1_443' title='bbox 1367 1889 1412 1910; x_wconf 85' lang='lat' dir='ltr'>ex</span> <span class='ocrx_word' id='word_1_444' title='bbox 1435 1879 1538 1920; x_wconf 77' lang='lat' dir='ltr'>agris,</span> <span class='ocrx_word' id='word_1_445' title='bbox 1554 1889 1638 1922; x_wconf 90' lang='lat' dir='ltr'>quos</span> <span class='ocrx_word' id='word_1_446' title='bbox 1652 1881 1695 1912; x_wconf 79' lang='lat' dir='ltr'>ab</span> 
     </span>
     <span class='ocr_line' id='line_1_85' title="bbox 994 1927 1695 1969; baseline 0.007 -13"><span class='ocrx_word' id='word_1_447' title='bbox 994 1936 1099 1957; x_wconf 86' lang='lat' dir='ltr'>uxore</span> <span class='ocrx_word' id='word_1_448' title='bbox 1111 1927 1144 1957; x_wconf 93' lang='lat' dir='ltr'>in</span> <span class='ocrx_word' id='word_1_449' title='bbox 1163 1928 1276 1958; x_wconf 88' lang='lat' dir='ltr'>dotem</span> <span class='ocrx_word' id='word_1_450' title='bbox 1289 1928 1440 1968; x_wconf 87' lang='lat' dir='ltr'>accepit,</span> <span class='ocrx_word' id='word_1_451' title='bbox 1454 1929 1530 1969; x_wconf 84' lang='lat' dir='ltr'>plns</span> <span class='ocrx_word' id='word_1_452' title='bbox 1546 1929 1695 1961; x_wconf 86' lang='lat' dir='ltr'>frumen-</span> 
     </span>
     <span class='ocr_line' id='line_1_86' title="bbox 993 1976 1212 2016; baseline -0.005 -9"><span class='ocrx_word' id='word_1_453' title='bbox 993 1976 1031 2011; x_wconf 89' lang='lat' dir='ltr'>ti,</span> <span class='ocrx_word' id='word_1_454' title='bbox 1048 1985 1148 2016; x_wconf 88' lang='lat' dir='ltr'>quam</span> <span class='ocrx_word' id='word_1_455' title='bbox 1164 1980 1212 2007; x_wconf 90' lang='lat' dir='ltr'>tu.</span> 
     </span>
    </p>

    <p class='ocr_par' dir='ltr' id='par_1_13' title="bbox 994 2024 1693 2106">
     <span class='ocr_line' id='line_1_87' title="bbox 1035 2024 1693 2069; baseline 0.006 -13"><span class='ocrx_word' id='word_1_456' title='bbox 1035 2027 1078 2056; x_wconf 81' lang='lat'>22</span> <span class='ocrx_word' id='word_1_457' title='bbox 1101 2025 1274 2065; x_wconf 74' lang='lat' dir='ltr'>Indignum</span> <span class='ocrx_word' id='word_1_458' title='bbox 1304 2026 1386 2066; x_wconf 74' lang='lat' dir='ltr'>quoa</span> <span class='ocrx_word' id='word_1_459' title='bbox 1415 2024 1476 2066; x_wconf 73' lang='lat' dir='ltr'>sit]</span> <span class='ocrx_word' id='word_1_460' title='bbox 1510 2026 1693 2069; x_wconf 82' lang='lat' dir='ltr'>Indignum</span> 
     </span>
     <span class='ocr_line' id='line_1_88' title="bbox 994 2074 1156 2106; baseline -0.006 0"><span class='ocrx_word' id='word_1_461' title='bbox 994 2074 1156 2106; x_wconf 86' lang='lat' dir='ltr'>existens.</span> 
     </span>
    </p>

    <p class='ocr_par' dir='ltr' id='par_1_14' title="bbox 1035 2124 1430 2166">
     <span class='ocr_line' id='line_1_89' title="bbox 1035 2124 1430 2166; baseline 0 -10"><span class='ocrx_word' id='word_1_462' title='bbox 1035 2128 1078 2157; x_wconf 76' lang='lat'>2³</span> <span class='ocrx_word' id='word_1_463' title='bbox 1101 2125 1169 2156; x_wconf 81' lang='lat' dir='ltr'>Hic</span> <span class='ocrx_word' id='word_1_464' title='bbox 1181 2124 1256 2166; x_wconf 77' lang='lat' dir='ltr'>tibi]</span> <span class='ocrx_word' id='word_1_465' title='bbox 1279 2125 1430 2157; x_wconf 90' lang='lat' dir='ltr'>Mucius.</span> 
     </span>
    </p>

    <p class='ocr_par' dir='ltr' id='par_1_15' title="bbox 988 2176 1725 2618">
     <span class='ocr_line' id='line_1_90' title="bbox 1034 2176 1693 2218; baseline 0.005 -11"><span class='ocrx_word' id='word_1_466' title='bbox 1034 2178 1077 2208; x_wconf 81' lang='lat'>24</span> <span class='ocrx_word' id='word_1_467' title='bbox 1101 2176 1261 2216; x_wconf 76' lang='lat' dir='ltr'>Quidquid</span> <span class='ocrx_word' id='word_1_468' title='bbox 1282 2176 1339 2207; x_wconf 83' lang='lat' dir='ltr'>sub</span> <span class='ocrx_word' id='word_1_469' title='bbox 1357 2177 1460 2218; x_wconf 73' lang='lat' dir='ltr'>terra]</span> <span class='ocrx_word' id='word_1_470' title='bbox 1484 2177 1495 2195; x_wconf 79' lang='lat'><em>⁴</em></span> <span class='ocrx_word' id='word_1_471' title='bbox 1509 2177 1584 2209; x_wconf 87' lang='lat' dir='ltr'>Sub</span> <span class='ocrx_word' id='word_1_472' title='bbox 1599 2182 1693 2210; x_wconf 86' lang='lat' dir='ltr'>terra</span> 
     </span>
     <span class='ocr_line' id='line_1_91' title="bbox 992 2225 1691 2268; baseline 0.004 -11"><span class='ocrx_word' id='word_1_473' title='bbox 992 2225 1092 2267; x_wconf 83' lang='lat' dir='ltr'>esse,&#39;</span> <span class='ocrx_word' id='word_1_474' title='bbox 1106 2235 1166 2267; x_wconf 80' lang='lat' dir='ltr'>pro</span> <span class='ocrx_word' id='word_1_475' title='bbox 1190 2227 1362 2258; x_wconf 89' lang='lat' dir='ltr'>occultum</span> <span class='ocrx_word' id='word_1_476' title='bbox 1385 2231 1487 2268; x_wconf 83' lang='lat' dir='ltr'>atque</span> <span class='ocrx_word' id='word_1_477' title='bbox 1510 2227 1691 2260; x_wconf 84' lang='lat' dir='ltr'>obscurum</span> 
     </span>
     <span class='ocr_line' id='line_1_92' title="bbox 993 2277 1691 2316; baseline 0.004 -9"><span class='ocrx_word' id='word_1_478' title='bbox 993 2286 1067 2308; x_wconf 87' lang='lat' dir='ltr'>esse</span> <span class='ocrx_word' id='word_1_479' title='bbox 1084 2277 1227 2316; x_wconf 87' lang='lat' dir='ltr'>accipio.</span> <span class='ocrx_word' id='word_1_480' title='bbox 1271 2277 1324 2308; x_wconf 86' lang='lat' dir='ltr'>Ex</span> <span class='ocrx_word' id='word_1_481' title='bbox 1344 2277 1459 2309; x_wconf 83' lang='lat' dir='ltr'>Sacris</span> <span class='ocrx_word' id='word_1_482' title='bbox 1477 2278 1616 2310; x_wconf 83' lang='lat' dir='ltr'>Litteris</span> <span class='ocrx_word' id='word_1_483' title='bbox 1630 2277 1691 2310; x_wconf 85' lang='lat' dir='ltr'>do-</span> 
     </span>
     <span class='ocr_line' id='line_1_93' title="bbox 991 2327 1691 2370; baseline 0.003 -12"><span class='ocrx_word' id='word_1_484' title='bbox 991 2336 1121 2367; x_wconf 84' lang='lat' dir='ltr'>cemur,</span> <span class='ocrx_word' id='word_1_485' title='bbox 1141 2327 1223 2358; x_wconf 87' lang='lat' dir='ltr'>nihil</span> <span class='ocrx_word' id='word_1_486' title='bbox 1242 2327 1304 2358; x_wconf 87' lang='lat' dir='ltr'>sub</span> <span class='ocrx_word' id='word_1_487' title='bbox 1327 2328 1398 2359; x_wconf 90' lang='lat' dir='ltr'>sole</span> <span class='ocrx_word' id='word_1_488' title='bbox 1413 2336 1556 2367; x_wconf 81' lang='lat' dir='ltr'>uovum3</span> <span class='ocrx_word' id='word_1_489' title='bbox 1580 2337 1691 2370; x_wconf 89' lang='lat' dir='ltr'>neque</span> 
     </span>
     <span class='ocr_line' id='line_1_94' title="bbox 990 2376 1692 2418; baseline 0.003 -10"><span class='ocrx_word' id='word_1_490' title='bbox 990 2377 1118 2418; x_wconf 86' lang='lat' dir='ltr'>aliquid</span> <span class='ocrx_word' id='word_1_491' title='bbox 1131 2386 1220 2416; x_wconf 89' lang='lat' dir='ltr'>esse,</span> <span class='ocrx_word' id='word_1_492' title='bbox 1237 2377 1326 2417; x_wconf 84' lang='lat' dir='ltr'>qnod</span> <span class='ocrx_word' id='word_1_493' title='bbox 1343 2383 1402 2409; x_wconf 82' lang='lat' dir='ltr'>aut</span> <span class='ocrx_word' id='word_1_494' title='bbox 1415 2387 1482 2408; x_wconf 90' lang='lat' dir='ltr'>non</span> <span class='ocrx_word' id='word_1_495' title='bbox 1497 2376 1616 2417; x_wconf 87' lang='lat' dir='ltr'>fuerit,</span> <span class='ocrx_word' id='word_1_496' title='bbox 1631 2382 1692 2410; x_wconf 86' lang='lat' dir='ltr'>aut</span> 
     </span>
     <span class='ocr_line' id='line_1_95' title="bbox 991 2427 1691 2468; baseline 0.001 -10"><span class='ocrx_word' id='word_1_497' title='bbox 991 2437 1057 2458; x_wconf 89' lang='lat' dir='ltr'>non</span> <span class='ocrx_word' id='word_1_498' title='bbox 1084 2432 1207 2468; x_wconf 83' lang='lat' dir='ltr'>postea</span> <span class='ocrx_word' id='word_1_499' title='bbox 1229 2427 1333 2458; x_wconf 87' lang='lat' dir='ltr'>etiam</span> <span class='ocrx_word' id='word_1_500' title='bbox 1358 2427 1508 2458; x_wconf 84' lang='lat' dir='ltr'>futurum</span> <span class='ocrx_word' id='word_1_501' title='bbox 1533 2428 1590 2459; x_wconf 87' lang='lat' dir='ltr'>sit.</span> <span class='ocrx_word' id='word_1_502' title='bbox 1614 2428 1691 2459; x_wconf 84' lang='lat' dir='ltr'>Tor-</span> 
     </span>
     <span class='ocr_line' id='line_1_96' title="bbox 988 2475 1725 2518; baseline 0.001 -10"><span class='ocrx_word' id='word_1_503' title='bbox 988 2481 1070 2509; x_wconf 81' lang='lat' dir='ltr'>rent.</span> <span class='ocrx_word' id='word_1_504' title='bbox 1116 2477 1271 2518; x_wconf 75' lang='lat' dir='ltr'>Quicquid</span> <span class='ocrx_word' id='word_1_505' title='bbox 1294 2478 1352 2509; x_wconf 81' lang='lat' dir='ltr'>sub</span> <span class='ocrx_word' id='word_1_506' title='bbox 1375 2480 1462 2509; x_wconf 75' lang='lat' dir='ltr'>terra</span> <span class='ocrx_word' id='word_1_507' title='bbox 1484 2475 1548 2517; x_wconf 78' lang='lat' dir='ltr'>est]</span> <span class='ocrx_word' id='word_1_508' title='bbox 1571 2478 1690 2509; x_wconf 85' lang='lat' dir='ltr'>Virtus</span> <span class='ocrx_word' id='word_1_509' title='bbox 1722 2475 1725 2478; x_wconf 77' lang='grc'>’</span> 
     </span>
     <span class='ocr_line' id='line_1_97' title="bbox 989 2528 1689 2568; baseline 0.001 -9"><span class='ocrx_word' id='word_1_510' title='bbox 989 2529 1061 2559; x_wconf 89' lang='lat' dir='ltr'>sola</span> <span class='ocrx_word' id='word_1_511' title='bbox 1083 2533 1135 2559; x_wconf 89' lang='lat' dir='ltr'>est</span> <span class='ocrx_word' id='word_1_512' title='bbox 1160 2528 1371 2566; x_wconf 84' lang='lat' dir='ltr'>immortalis,</span> <span class='ocrx_word' id='word_1_513' title='bbox 1386 2532 1516 2559; x_wconf 77' lang='lat' dir='ltr'>caetera</span> <span class='ocrx_word' id='word_1_514' title='bbox 1532 2532 1689 2568; x_wconf 83' lang='lat' dir='ltr'>pereunt.</span> 
     </span>
     <span class='ocr_line' id='line_1_98' title="bbox 990 2577 1551 2618; baseline 0 -9"><span class='ocrx_word' id='word_1_515' title='bbox 990 2579 1031 2610; x_wconf 83' lang='lat' dir='ltr'>In</span> <span class='ocrx_word' id='word_1_516' title='bbox 1045 2578 1185 2618; x_wconf 78' lang='lat' dir='ltr'>apricum</span> <span class='ocrx_word' id='word_1_517' title='bbox 1195 2577 1348 2618; x_wconf 79' lang='lat' dir='ltr'>proferet]</span> <span class='ocrx_word' id='word_1_518' title='bbox 1372 2577 1413 2609; x_wconf 90' lang='lat' dir='ltr'>In</span> <span class='ocrx_word' id='word_1_519' title='bbox 1426 2578 1551 2609; x_wconf 87' lang='lat' dir='ltr'>lucem.</span> 
     </span>
    </p>

    <p class='ocr_par' dir='ltr' id='par_1_16' title="bbox 990 2627 1687 2813">
     <span class='ocr_line' id='line_1_99' title="bbox 1033 2627 1687 2669; baseline -0.002 -10"><span class='ocrx_word' id='word_1_520' title='bbox 1033 2631 1073 2659; x_wconf 82' lang='lat'>25</span> <span class='ocrx_word' id='word_1_521' title='bbox 1101 2629 1276 2668; x_wconf 76' lang='lat' dir='ltr'>Condetque</span> <span class='ocrx_word' id='word_1_522' title='bbox 1301 2628 1453 2669; x_wconf 76' lang='lat' dir='ltr'>nitentia]</span> <span class='ocrx_word' id='word_1_523' title='bbox 1477 2627 1687 2659; x_wconf 81' lang='lat' dir='ltr'>Abscondet.</span> 
     </span>
     <span class='ocr_line' id='line_1_100' title="bbox 992 2677 1687 2718; baseline 0 -9"><span class='ocrx_word' id='word_1_524' title='bbox 992 2679 1071 2710; x_wconf 86' lang='lat' dir='ltr'>Cum</span> <span class='ocrx_word' id='word_1_525' title='bbox 1101 2678 1176 2710; x_wconf 85' lang='lat' dir='ltr'>bene</span> <span class='ocrx_word' id='word_1_526' title='bbox 1203 2678 1325 2718; x_wconf 77' lang='lat' dir='ltr'>notum]</span> <span class='ocrx_word' id='word_1_527' title='bbox 1365 2678 1422 2710; x_wconf 88' lang='lat' dir='ltr'>Sic</span> <span class='ocrx_word' id='word_1_528' title='bbox 1459 2677 1552 2708; x_wconf 84' lang='lat' dir='ltr'>alibi·</span> <span class='ocrx_word' id='word_1_529' title='bbox 1575 2678 1584 2694; x_wconf 92' lang='lat'>‘</span> <span class='ocrx_word' id='word_1_530' title='bbox 1601 2677 1687 2709; x_wconf 90' lang='lat' dir='ltr'>bene</span> 
     </span>
     <span class='ocr_line' id='line_1_101' title="bbox 990 2727 1687 2768; baseline -0.001 -8"><span class='ocrx_word' id='word_1_531' title='bbox 990 2733 1197 2760; x_wconf 86' lang='lat' dir='ltr'>nummatum</span> <span class='ocrx_word' id='word_1_532' title='bbox 1209 2728 1234 2767; x_wconf 89' lang='lat'>;&#39;</span> <span class='ocrx_word' id='word_1_533' title='bbox 1258 2729 1404 2768; x_wconf 82' lang='lat' dir='ltr'>augendi</span> <span class='ocrx_word' id='word_1_534' title='bbox 1431 2728 1519 2759; x_wconf 89' lang='lat' dir='ltr'>enim</span> <span class='ocrx_word' id='word_1_535' title='bbox 1545 2727 1610 2758; x_wconf 87' lang='lat' dir='ltr'>vim</span> <span class='ocrx_word' id='word_1_536' title='bbox 1630 2727 1687 2759; x_wconf 83' lang='lat' dir='ltr'>ba·</span> 
     </span>
     <span class='ocr_line' id='line_1_102' title="bbox 991 2777 1687 2813; baseline -0.003 -2"><span class='ocrx_word' id='word_1_537' title='bbox 991 2779 1051 2811; x_wconf 88' lang='lat' dir='ltr'>bet</span> <span class='ocrx_word' id='word_1_538' title='bbox 1068 2779 1173 2811; x_wconf 75' lang='lat' dir='ltr'>dictio</span> <span class='ocrx_word' id='word_1_539' title='bbox 1185 2779 1268 2811; x_wconf 81' lang='lat' dir='ltr'>bene.</span> <span class='ocrx_word' id='word_1_540' title='bbox 1290 2779 1450 2810; x_wconf 87' lang='lat' dir='ltr'>Torrent.</span> <span class='ocrx_word' id='word_1_541' title='bbox 1495 2777 1600 2813; x_wconf 76' lang='lat' dir='ltr'>Quum</span> <span class='ocrx_word' id='word_1_542' title='bbox 1613 2777 1687 2809; x_wconf 75' lang='lat' dir='ltr'>bene</span> 
     </span>
    </p>
   </div>
  </div>
 </body>
</html>
