1858 3184
251 231 362 274 1770

707 241 851 275 NOTAE
885 242 1149 273 VARIORUM
1185 241 1234 272 lN

253 337 349 376 (ἔνιαι.
369 333 692 376 Souennia18011enne
702 335 945 378 proprie‚quod
991 336 1096 367 lectio
1108 335 1164 376 sit,
1177 344 1243 367 non
1257 344 1322 367 uno
1336 333 1369 365 in
1382 333 1456 366 loco
1469 333 1542 375 ipse
1555 333 1687 367 Cicero.

251 386 354 418 certis
379 386 456 417 anni
483 385 691 426 temporibus
713 385 788 417 fieri
804 395 946 417 consue-

251 436 324 476 νῆις
346 440 384 468 ut
403 437 555 468 sollennes
579 436 657 476 ludi,
680 437 827 468 sollennia
847 445 949 476 sacra,

217 517 229 525 ,
253 484 343 526 apud
367 485 516 517 Festum.
563 485 654 516 Hinc
678 484 821 524 factum,
835 490 871 516 ιιι
886 494 948 526 pro

252 535 355 567 solito
379 545 420 567 ac
446 540 611 567 consueto
637 534 785 566 dicatur.
840 535 948 566 Recte

252 586 358 625 igitur
378 585 414 617 in
431 586 521 616 hunc
537 585 648 616 locum
665 587 760 615 vetus
781 584 948 615 Scholias-

253 640 319 674 tes,
336 636 480 668 Insanit-e
498 638 590 676 putas
603 635 775 666 souennia:
798 633 857 665 ‘id
883 638 949 670 est,

254 686 422 716 communi
431 685 576 717 omnium
589 684 671 715 vitio
683 683 850 722 laborare,
860 692 949 714 com-

253 744 388 766 munem
402 743 551 766 errorem
565 734 657 775 pati;
670 737 706 765 et
718 733 795 765 ideo
808 733 950 773 negligis

254 794 318 815 nec
347 783 589 824 reprehendis.'
636 783 786 815 Turneb.
801 792 894 814 xxx.
919 785 951 813 3.

257 834 347 867 Torr.
391 833 538 866 solennia
553 833 615 874 me]
635 834 841 874 Solenniter,
857 843 950 865 more

253 884 401 915 omnium
416 884 598 915 hominurn.

299 937 362 966 102
384 933 453 966 Nec
467 934 594 975 medici]
621 935 690 968 Qui
705 944 759 966 me
775 939 883 966 sanet.

298 987 360 1016 103
383 984 414 1016 A
441 985 582 1016 Praetore
604 986 684 1026 daci,
709 984 778 1025 Em]
809 985 876 1018 Qui
898 994 950 1016 so·

254 1036 304 1067 let
319 1044 340 1065 a
354 1039 501 1076 praetore
513 1034 638 1066 insanis
650 1034 735 1075 dari,
749 1035 776 1065 si
791 1034 951 1066 deessent

256 1084 385 1125 agnati.

300 1136 360 1164 1⁰4
386 1134 489 1170 Quum
504 1132 565 1173 siu]
589 1133 702 1166 Quum
716 1133 761 1164 sis
778 1138 871 1164 tutor
883 1142 952 1164 rne-

257 1193 352 1214 arum
369 1192 524 1223 rerum,o
537 1183 722 1214 Maecenas.
747 1182 955 1215 stomacheris

255 1234 292 1263 ob
314 1232 461 1272 unguem]
493 1232 606 1265 Quum
632 1232 803 1272 irascaris,
825 1232 871 1264 ob
893 1242 954 1264 un-

257 1292 356 1323 guem
372 1281 484 1317 amici,
499 1283 564 1312 &c.
581 1281 613 1312 id
630 1287 697 1322 est,
710 1281 753 1313 ob
770 1282 856 1313 levia
871 1282 954 1313 ami-

257 1341 373 1364 corum
390 1330 614 1362 incommoda.

303 1384 365 1412 106
379 1380 432 1412 Aa
445 1390 606 1421 summam,
619 1380 757 1422 sapiens]
780 1381 865 1413 Cum
882 1384 955 1412 tota

258 1432 411 1472 Epistola
432 1430 734 1472 philosophandum
757 1440 830 1462 esse
852 1431 954 1462 docu·

258 1480 344 1520 erit3
369 1480 571 1519 recolligens
588 1485 667 1512 ante
683 1480 785 1520 dicta,
801 1489 840 1511 ac
856 1479 956 1511 simul

258 1530 443 1563 utilitatem
467 1529 695 1570 Philosophiae
710 1529 955 1569 demonstrans,

257 1579 450 1616 Stoicorum
466 1579 655 1620 sapientem
671 1584 751 1611 ante
765 1580 881 1610 oculos
898 1589 956 1620 po-

260 1630 325 1663 nit.
368 1629 467 1663 Quod
495 1638 574 1660 vero
590 1629 735 1661 eundem
752 1629 913 1660 deriserit
929 1639 954 1661 ι.

257 1679 330 1712 Sat.
348 1681 380 1710 3.
404 1679 437 1710 id
454 1683 491 1710 ut
507 1679 711 1719 Epicureum
728 1678 850 1711 fecisse
865 1679 956 1711 dice-

259 1739 345 1770 mus,
369 1739 446 1761 cum
460 1730 659 1761 insanientis
675 1730 764 1762 illius
780 1731 957 1770 sapientiae

260 1779 434 1810 consultus
448 1779 559 1810 adhuc
574 1779 760 1812 aberraret.
803 1780 892 1812 Illud
910 1787 958 1812 ta-

261 1839 339 1861 men
353 1830 442 1870 quod
457 1829 625 1870 sequitur,
637 1831 646 1847 ‘
659 1830 841 1871 Praecipne
858 1839 959 1862 sanus

261 1879 326 1910 nisi
349 1888 425 1910 cum
452 1878 578 1918 pituita
603 1879 745 1909 molesta
771 1879 850 1918 est,’
872 1881 900 1909 si
916 1881 959 1909 ri·

261 1929 375 1960 dicnle
390 1928 520 1959 dictum
537 1936 610 1959 esse
637 1927 818 1967 credimus,
842 1926 885 1958 ad
909 1927 959 1958 in-

262 1979 396 2020 genium
413 1978 554 2009 redierit
570 1977 731 2008 Horatius
745 1987 754 2007 z
771 1978 823 2008 sin
839 1977 960 2017 minus,

260 2031 306 2063 ad
335 2031 480 2062 animum
513 2029 718 2068 referemus;
746 2035 783 2061 ut
812 2034 959 2069 excepto

263 2083 418 2124 sapiente
433 2082 540 2113 ceteri
556 2082 689 2122 quidem
704 2081 884 2120 insaniant,
903 2081 960 2111 ille

264 2134 356 2164 solus
372 2141 453 2163 vero
469 2142 570 2162 sanus
587 2132 629 2162 sit
643 2142 652 2170 ;
677 2141 743 2162 non
770 2132 818 2162 ita
834 2136 959 2168 tamen,

265 2182 343 2223 quin
360 2187 395 2212 et
419 2182 491 2222 ipse
519 2181 630 2213 vitiosi
654 2182 813 2220 humoris,
840 2190 960 2222 nempe

265 2231 342 2263 bilis
366 2236 426 2262 aut
443 2231 584 2274 'pituitae
611 2230 849 2271 redundantia,
872 2230 959 2261 insa-

265 2282 336 2314 nire
364 2282 479 2322 possit.
521 2281 607 2312 Sunt
634 2281 691 2322 qui
717 2281 818 2312 aliter
842 2280 962 2311 distin·

264 2331 415 2372 gnendo,
444 2331 497 2362 Ad
519 2341 668 2362 summam
692 2331 825 2371 sapiens,
857 2331 961 2362 inter-

267 2385 459 2422 pretentur,
482 2389 543 2421 pro
567 2390 607 2420 eo
631 2381 688 2422 qui
714 2381 757 2412 ad
782 2390 852 2412 rem
868 2390 962 2412 suam

265 2431 391 2471 sapiat,
406 2435 446 2462 ut
466 2431 476 2448 ‘
489 2430 531 2461 ad
549 2431 683 2471 genium
707 2440 827 2471 sapere
840 2429 849 2443 '
875 2430 963 2461 dixit

267 2481 424 2516 Plautus,
449 2489 509 2520 pro
531 2481 564 2511 iu
588 2479 629 2511 iis
653 2489 788 2521 sapere,
816 2489 891 2520 quae
918 2479 962 2510 ad

267 2530 405 2570 genium
422 2533 597 2569 spectent3
614 2534 652 2561 ut
666 2529 708 2566 ad
725 2530 816 2570 vulgi
832 2529 964 2560 scilicet

267 2579 459 2619 sapientem
474 2588 515 2609 ea
528 2579 743 2620 detorqueat.
757 2589 832 2621 quae
849 2579 891 2611 de
902 2588 963 2610 suo

267 2627 375 2660 Stoici
392 2626 584 2659 tradidere:
602 2629 662 2660 sed
675 2628 718 2660 an'
731 2639 773 2666 eo
788 2638 886 2661 sensu
900 2634 909 2648 ¹
920 2629 963 2660 ad

269 2686 431 2708 summam
445 2685 565 2717 sapere
575 2676 584 2690 '
599 2677 738 2716 idoneus
754 2679 875 2720 aliquis
887 2688 964 2710 auc-

271 2735 325 2759 tor
334 2727 472 2766 dixerit,
482 2727 605 2760 nescio.
631 2727 684 2759 Aa
691 2739 840 2761 summam
851 2734 964 2761 autem

269 2788 334 2819 pro
351 2777 506 2819 denique,
520 2777 573 2809 vel
594 2782 774 2821 postremo,
799 2784 836 2812 ut
858 2780 963 2813 recol-

995 385 1091 416 Idem
1108 394 1190 426 ergo
1204 385 1250 415 sit
1269 385 1310 415 ad
1333 393 1493 422 summam,
1516 383 1605 425 quod
1629 385 1640 401 ¹
1653 385 1688 415 in

995 435 1147 467 summa.¹
1187 434 1334 466 Turneb.
1352 442 1458 465 xxv1.
1473 436 1526 464 26.
1545 433 1689 465 Torreat.

1001 486 1071 518 Uno
1085 486 1185 517 minor
1197 488 1245 516 est
1257 485 1348 524 Jove,
1366 483 1467 524 dives]
1500 483 1577 514 Uno
1601 482 1689 515 Jove

996 537 1150 570 inferior.
1743 573 1749 578 .

1040 592 1102 621 108
1127 588 1285 628 Praecipue
1294 587 1404 627 sanus]
1424 586 1523 618 Solus
1538 595 1639 617 sanus
1655 589 1693 617 et

996 641 1107 672 animo
1123 644 1157 671 et
1172 648 1326 679 corpore.
1371 636 1448 668 Nisi
1461 645 1551 676 quum
1565 636 1693 676 pituita,

997 691 1065 732 ξω]
1086 690 1126 722 Id
1152 694 1219 729 est,
1242 688 1306 720 nisi
1332 696 1408 719 cum
1422 686 1618 726 emungitur
1634 693 1693 725 pe-

997 741 1098 773 cunia
1112 744 1146 771 et
1162 749 1223 780 pro
1237 739 1332 770 lucro
1347 736 1504 768 damnum
1529 734 1630 773 facit;
1655 739 1694 766 ut

999 791 1086 822 enim
1102 788 1254 821 defluxus
1270 798 1290 820 e
1304 787 1417 828 capite
1433 795 1496 827 per
1514 794 1626 825 nares,
1647 784 1694 815 ita

998 839 1152 872 defluxus
1167 838 1319 880 pecuniae
1335 847 1354 869 e
1369 836 1489 869 loculis
1500 835 1605 874 avari,
1620 834 1694 866 sine

999 895 1130 932 quaestu
1152 895 1220 921 tam
1243 888 1355 928 gravis
1380 891 1447 926 est,
1470 889 1508 917 ut
1529 894 1606 917 eum
1630 893 1695 916 nec

999 940 1071 972 dies
1087 950 1148 971 nec
1165 944 1281 971 noctes
1304 938 1394 969 sinat
1419 935 1696 976 interquiescere.

1001 991 1098 1031 Cruq.
1142 989 1219 1021 Nisi
1231 998 1336 1030 quum,
1349 985 1418 1027 ssa]
1447 985 1482 1017 Si
1498 983 1696 1015 infirmitate

1001 1040 1151 1081 corporis
1169 1049 1236 1071 non
1260 1037 1466 1074 detineatur,
1487 1039 1547 1066 aut
1572 1033 1698 1075 pituita

1002 1091 1130 1122 aliusve
1145 1089 1282 1121 morbus
1297 1087 1362 1128 ipsi
1385 1085 1545 1130 molestus
1559 1092 1625 1115 non
1641 1083 1699 1123 sit,

1003 1145 1084 1173 tunc
1099 1140 1272 1182 praecipue
1288 1142 1325 1170 et
1339 1146 1408 1177 prae
1425 1135 1498 1167 aliis
1513 1143 1616 1165 sanus
1631 1138 1698 1172 est,

1003 1195 1040 1223 et
1067 1189 1178 1221 animo
1207 1187 1337 1229 pariter
1364 1191 1402 1217 et
1429 1191 1572 1224 corpore
1597 1182 1702 1215 valet.

1003 1239 1118 1272 Lubin.
1144 1235 1478 1269 Turneb.xxv1:2o.
1522 1232 1699 1275 Nisiqanns

1000 1287 1133 1330 pituita]
1170 1287 1303 1318 Stoicos
1331 1283 1452 1315 irridet
1479 1282 1539 1324 qui
1567 1281 1698 1320 dicunt,

1003 1338 1189 1378 sapientem
1205 1344 1279 1367 esse
1293 1343 1426 1373 sanum,
1445 1331 1578 1363 etiamsi
1592 1339 1698 1372 aegro-

1005 1393 1069 1420 tet.

1005 1438 1124 1470 Epis-r.
1140 1446 1182 1468 ιι.
1216 1435 1273 1467 An
1289 1435 1468 1469 Louiun.
1511 1431 1700 1465 Homerum

1047 1488 1081 1519 in
1096 1487 1165 1520 suis
1191 1486 1356 1527 poematis
1381 1484 1510 1526 plenius
1526 1492 1567 1515 ac
1582 1481 1701 1514 melius

1047 1547 1146 1579 quam
1172 1536 1334 1579 quosdam
1358 1533 1598 1574 Philosophos,
1619 1530 1701 1573 quid

1047 1589 1223 1619 honestum
1239 1586 1296 1627 sit,
1316 1585 1440 1618 docere
1462 1584 1566 1622 dicit;
1589 1581 1704 1614 ambo-

1049 1647 1121 1668 rum
1137 1635 1284 1669 afferens
1299 1639 1510 1677 argumenta.
1538 1632 1579 1665 In
1593 1631 1703 1665 Iliade

1048 1686 1183 1729 quidem
1200 1687 1316 1727 quales
1331 1689 1410 1717 sunt
1425 1685 1460 1716 in
1482 1683 1594 1716 stultis
1613 1682 1703 1723 regi-

1050 1736 1111 1768 bus
1127 1741 1164 1768 et
1180 1736 1313 1777 populis
1329 1735 1432 1766 animi
1446 1738 1558 1777 motus
1573 1731 1703 1764 descri-

1011 1814 1014 1817 <
1051 1785 1106 1816 bi:
1130 1786 1164 1816 in
1180 1785 1337 1826 Odyssea
1350 1787 1476 1823 sutem,
1492 1781 1623 1824 Ulyssis
1647 1790 1706 1813 ex·

1050 1835 1177 1875 emplo,
1205 1834 1288 1876 quid
1325 1834 1432 1865 virtus
1469 1837 1506 1864 et
1535 1832 1706 1873 sapientia

1051 1884 1191 1924 possint,
1217 1883 1362 1914 ostendi.
1406 1881 1542 1913 Deinde
1570 1881 1615 1913 ad
1633 1886 1706 1914 stu-

1049 1932 1141 1963 dium
1171 1928 1550 1972 sapientiae'hortatur,
1582 1935 1704 1971 utpote

1051 1991 1135 2024 quos
1151 1986 1307 2013 recenset
1330 1980 1432 2012 animi
1448 1980 1594 2021 morbos,
1609 1989 1706 2012 sana-

1050 2037 1149 2064 turae.
1184 2031 1252 2063 Sed
1268 2042 1286 2063 a
1300 2031 1425 2062 teneris
1440 2029 1705 2062 assuescendum

1051 2081 1242 2123 hujusmodi
1258 2081 1441 2122 pra-ceptis
1460 2089 1535 2112 esse
1549 2080 1662 2112 docet.

1054 2135 1070 2163 1
1095 2130 1301 2172 Scriptorem]
1324 2131 1521 2162 Homerum.
1562 2130 1706 2162 Maxime

1009 2181 1106 2222 Lolli]
1128 2181 1177 2212 Ut
1192 2181 1245 2213 hic
1267 2185 1275 2198 ⁸
1288 2180 1496 2216 maximum?
1519 2180 1567 2212 sic
1582 2180 1708 2213 'liber-

1010 2231 1129 2263 rimum
1143 2230 1152 2243 ¹
1178 2235 1280 2263 vocat
1304 2231 1447 2262 Lollium
1465 2230 1576 2271 Epist.
1597 2238 1708 2262 xvnt.

1011 2280 1055 2312 ob
1093 2280 1194 2311 animi
1225 2281 1457 2321 praestautiam
1471 2290 1481 2310 ε
1512 2289 1578 2311 non
1614 2279 1706 2321 quod

1010 2329 1150 2361 Maximi
1165 2338 1352 2370 cognomen
1370 2328 1498 2368 tulerit,
1513 2332 1550 2359 ut
1562 2327 1707 2360 sensisse

1011 2380 1171 2411 videntur
1190 2379 1237 2419 hi,
1259 2379 1317 2420 qui
1338 2380 1424 2410 hanc
1447 2378 1639 2419 Epistulam
1663 2378 1707 2410 ad

1012 2430 1189 2461 Maximum
1218 2429 1354 2460 Lollium
1383 2428 1594 2467 inscribunt;
1615 2436 1707 2467 cnm,

1011 2485 1048 2510 ιιι
1070 2479 1232 2518 arbitror,
1254 2478 1306 2510 M.
1327 2477 1446 2509 Lollius
1466 2477 1636 2510 Palicanus
1649 2486 1709 2519 ap·

1013 2529 1157 2570 peilatus
1180 2527 1294 2560 fuerit.
1338 2529 1390 2559 De
1413 2537 1480 2568 quo
1503 2528 1634 2568 prolixe
1657 2536 1709 2560 Π.

1013 2578 1081 2613 Od.
1107 2582 1139 2611 9.
1167 2584 1204 2611 et
1232 2577 1368 2620 quidem
1395 2578 1485 2608 inter
1516 2577 1597 2616 alia,
1622 2576 1707 2609 Caio

1014 2630 1141 2662 Caesari
1165 2628 1309 2671 Augusti
1333 2627 1403 2659 filio
1425 2625 1653 2667 proficiscenti
1674 2625 1706 2656 iu

1014 2679 1207 2718 Armeniam
1231 2678 1477 2710 moderatorem
1500 2685 1575 2708 eum
1590 2674 1707 2706 datum

1012 2729 1116 2761 fuisse
1131 2728 1398 2767 declaravimus;
1421 2727 1567 2768 quicum
1586 2729 1709 2757 natura

1013 2780 1162 2813 ferocior
1181 2784 1281 2820 esset,
1310 2788 1385 2820 quae
1409 2777 1469 2810 tali
1484 2774 1603 2817 juveni
1619 2784 1706 2816 pre-
