1858 3184
439 246 643 279 HoRA'rn
680 246 743 277 DE
775 244 908 290 ARTE
940 245 1149 277 POssTch
1182 247 1280 277 mn.

137 342 225 374 tunis
240 342 426 374 ornatibus.
463 341 564 374 Multi
580 339 680 379 enim,
695 342 733 370 ut
747 336 826 369 flos-

136 392 228 422 culos
248 401 325 423 snos
349 391 611 433 qualescumque
634 390 825 429 aspergant,

135 441 243 472 libere
257 445 444 482 evagantur
459 443 494 471 et
509 443 695 470 excurrunt
711 437 825 475 latius,

135 496 173 522 ut
196 491 353 532 incoeptae
381 490 484 522 etiam
513 487 664 519 materiae
690 485 826 518 oblivis-

135 546 268 581 cantur,
283 545 319 572 et
329 540 518 572 institutum
533 538 704 569 omittant.
747 536 825 568 Ele-

135 590 226 629 ganti
242 589 284 621 ad
300 589 335 621 id
351 598 428 621 usus
450 593 502 620 est
518 587 738 619 similitudine
754 585 825 617 Ho-

135 640 251 679 ratius,
271 640 424 670 desumta
446 637 490 677 ab
518 637 558 667 iis
584 635 640 676 qui
667 635 701 666 in
730 638 825 666 veste

134 689 216 721 trita
243 694 358 721 assuto
387 695 497 727 panno
524 694 695 726 purpureo
717 683 824 715 videri

133 739 293 778 gestiunt.
315 738 471 770 Nonum.
514 735 650 776 Ius-quis
658 733 824 775 gravibus]

133 787 312 828 Principiis
339 786 506 828 gravibus.
551 787 596 817 Et
621 795 734 824 magna
756 794 827 824 pro-

123 837 237 878 fessis]
259 837 304 869 Et
329 836 490 877 inceptis,
517 844 590 877 quas
621 833 825 876 profitentur

133 895 188 918 res
201 894 347 926 magnas.

174 938 214 968 1⁵
238 936 428 976 Purpureus,
457 935 519 966 late
542 933 611 975 qui]
641 934 826 975 Splendida

131 985 293 1018 orationis
330 985 509 1026 partu-ula,
536 984 589 1015 vel
618 984 736 1024 inepta
766 983 826 1015 de-

131 1033 273 1077 scriptio
294 1033 434 1067 ornandi
451 1043 552 1066 causa
573 1033 754 1065 adhibetur
774 1043 826 1064 re-

132 1096 206 1117 rum
229 1086 365 1124 levium,
381 1093 462 1126 quas
477 1093 552 1116 cum
569 1084 669 1114 rebus
682 1084 825 1115 heroicis

135 1135 244 1166 Poeta
254 1139 437 1166 contexere
452 1143 517 1164 non
532 1132 649 1164 debet.
685 1133 762 1163 Late
772 1133 826 1173 qui

130 1182 300 1224 splendeat]
322 1184 367 1215 Et
381 1184 430 1214 ita
445 1191 528 1224 opus
555 1182 744 1223 principale
766 1181 825 1213 ob-

134 1237 257 1265 scuret-

174 1285 219 1314 16
239 1282 323 1324 pum
343 1283 430 1314 lucus
449 1285 482 1314 et
505 1291 561 1314 aru
575 1281 705 1322 Diam]
726 1281 824 1313 Nihil

133 1331 279 1364 odiosius
300 1330 460 1364 affectata
477 1336 667 1371 venustate,
679 1330 706 1361 si
726 1336 824 1362 extra

131 1381 290 1414 decorum
320 1385 358 1413 et
382 1381 505 1413 limites
531 1384 704 1420 excurrat,
719 1380 748 1411 si
763 1380 824 1412 ob-

133 1432 224 1464 torto
252 1432 340 1463 collo
365 1431 507 1470 intrusa,
532 1430 560 1461 si
586 1430 750 1461 violenter
773 1425 824 1461 at·

133 1480 256 1521 tracta,
270 1490 344 1513 cum
361 1480 546 1521 praesertim
561 1479 653 1511 color
666 1479 773 1510 omnis
787 1484 824 1511 et

134 1537 294 1564 venustas
315 1531 479 1563 orationis
503 1530 629 1566 nativa,
655 1539 721 1560 non
745 1529 824 1560 arti-

131 1580 246 1613 ficiosa
271 1578 441 1612 laudetur.
464 1580 566 1612 Lucus
590 1579 675 1610 silva
699 1583 752 1610 est
777 1579 826 1609 in-

133 1631 263 1671 caedua,
274 1630 347 1663 Diis
357 1629 518 1662 Manibus
530 1633 741 1661 consecrata.
762 1629 825 1659 Ta-

132 1680 172 1711 lis
188 1680 320 1712 Graecis
334 1677 459 1720 τεμένη,
482 1687 597 1710 omnes
625 1683 737 1709 autem
761 1677 827 1708 luci

135 1730 255 1761 Dianae
271 1730 371 1761 sacri.
392 1728 546 1759 Turneb.
565 1736 598 1758 v.
612 1729 645 1758 4.
664 1731 699 1757 et
716 1735 778 1757 xx.
792 1729 823 1756 8.

135 1781 294 1810 xxx-27.
318 1778 475 1809 Nunnius.
503 1777 604 1812 Quum
617 1775 717 1816 lucus]
738 1775 824 1806 Sub·

132 1828 336 1868 intelligitur
352 1827 494 1868 quaestio
520 1825 653 1868 quando
679 1825 742 1856 boc
767 1824 826 1856 fit?

134 1877 387 1920 Respondetur,
413 1887 515 1919 quum
542 1885 637 1908 sacer
667 1876 762 1907 lucus
790 1880 826 1907 et

134 1930 281 1963 ara,&e.
297 1927 331 1959 id
358 1933 546 1968 estrquum
575 1935 628 1957 res
654 1926 746 1957 leves
770 1926 827 1957 de-

133 1978 323 2010 scribuntur
329 1977 372 2008 ab
381 1977 576 2018 iim-mrum
585 1977 720 2017 incepta
729 1981 827 2008 erant

134 2027 260 2068 gravia.
282 2027 366 2060 Qua».
378 2026 625 2068 descriptiones
633 2026 826 2067 fluviorum,

133 2077 312 2118 sylvarum,
345 2077 550 2118 aliorumque
578 2078 726 2109 locorum
758 2083 826 2109 tam

134 2126 252 2158 alienas
262 2131 341 2158 sunt
355 2136 375 2158 a
390 2126 548 2168 poemate
560 2127 710 2168 incepto,
725 2138 826 2169 quam

133 2186 312 2218 cupressus
331 2187 351 2208 a
377 2175 555 2218 nairfrago,
585 2187 684 2219 quem
716 2178 827 2219 pictor

134 2225 254 2267 aliquis
265 2225 514 2267 depingendum
528 2227 686 2268 suscepit.
709 2227 825 2269 Lucus]

133 2276 175 2308 Id
190 2280 253 2316 est,
267 2286 399 2308 sacrum
426 2287 554 2314 nemus,
570 2287 691 2319 nempe
716 2279 827 2310 Arici·

135 2335 232 2358 uum:
258 2326 336 2358 binc
361 2327 566 2358 ueniorensis
594 2328 722 2368 Diana,
751 2339 827 2370 quae

136 2381 172 2408 et
195 2376 347 2416 Aricina,
371 2379 406 2407 et
432 2386 494 2407 rex
520 2378 727 2409 nemorensis
753 2379 825 2420 ejus

135 2425 300 2456 sacerdos.
326 2426 419 2466 Cruq.
466 2428 532 2457 Ara
553 2426 684 2467 Dium]
706 2428 826 2459 Plures

137 2473 234 2505 fuere
247 2484 311 2505 uroe
330 2475 447 2506 Dium
465 2476 647 2507 multorum
671 2477 827 2508 carmini·

138 2523 200 2554 bus
226 2523 389 2554 celebres.
433 2524 510 2555 Una
535 2525 568 2555 in
594 2534 731 2557 nemore
753 2526 830 2559 Ari-

138 2571 226 2606 cino,
259 2571 355 2612 cujus
384 2572 540 2603 sacerdos
572 2573 643 2604 Rex
661 2580 829 2608 'nemorum

140 2621 268 2652 dictus:
294 2621 402 2652 altera
418 2621 451 2650 in
466 2621 624 2662 Taurica,
637 2622 695 2655 ubi
718 2625 825 2666 hospi.

141 2676 192 2702 tes
216 2670 379 2702 immolari
405 2671 573 2711 solebant,
600 2676 636 2704 et
660 2674 703 2706 ad
729 2685 828 2716 quam

142 2720 296 2762 pervenit
318 2719 480 2751 Orestes:
509 2721 573 2752 alia
603 2721 683 2754 item
713 2733 770 2756 ara
794 2725 828 2756 in

141 2770 298 2802 cornibus
325 2770 542 2812 Caprearum.
566 2772 718 2806 Nunnius.
762 2774 830 2806 Ara

1461 236 1575 279 1879

879 336 1012 378 Dima]
1034 338 1080 369 Et
1101 339 1265 380 templum
1289 337 1342 369 vel
1364 339 1477 370 status
1495 339 1577 371 Dia·

879 397 946 420 nae.

922 439 963 469 1⁷
983 435 1148 479 Ambitus]
1173 437 1244 468 Pro
1261 437 1334 469 rivo
1351 437 1490 479 ponitur
1507 447 1576 470 am-

878 485 991 518 biente
1015 496 1114 526 agros
1145 495 1304 519 amoenos.
1362 486 1495 518 Alludit
1533 487 1576 518 ad

877 536 1099 577 scaturigines
1114 535 1259 568 fontium
1270 536 1348 568 hinc
1362 537 1441 568 inde
1456 537 1575 568 decur-

878 586 1023 617 rentium
1047 595 1109 627 per
1131 595 1241 625 agros,
1265 595 1308 617 ex
1332 586 1454 628 quibus
1480 586 1576 617 lacus

877 636 1046 676 expletur.
1093 636 1201 668 Notat
1215 635 1361 677 aliquem
1379 636 1413 667 in
1429 636 1480 668 bis
1491 636 1575 668 locis

877 685 1079 717 deliniendis
1116 686 1217 717 nimis
1253 686 1434 718 curiosum.
1478 687 1575 728 Cruq.

876 735 1039 778 Ambitus]
1065 735 1193 768 Amnis.

922 789 962 817 18
984 786 1116 817 Flumen
1146 785 1298 821 Rhenum,
1325 784 1396 826 &et-J
1425 785 1576 817 Turnob.

878 839 1002 869 xtx.9.
1045 835 1112 868 Aue
1133 835 1272 877 pluvius]
1295 835 1375 876 Iris,
1401 845 1478 877 quse
1503 836 1577 876 plu-

877 887 965 919 viam
994 887 1158 918 concitat.
1203 885 1338 917 Pluvius
1365 885 1470 926 uren]
1504 884 1576 916 Irin

877 936 1032 976 designat
1048 935 1192 967 iudicem
1209 935 1348 976 pluviae,
1363 934 1406 966 de
1422 943 1488 975 qua
1500 934 1577 965 Vir·

880 986 978 1027 gilius
994 985 1127 1017 AEneid.
1143 994 1195 1017 tv.
1231 990 1242 1004 ⁸
1259 985 1356 1016 Mille
1370 985 1505 1016 trahens
1521 993 1577 1015 va-

879 1036 947 1067 rios
963 1035 1106 1066 adverso
1120 1035 1188 1066 sole
1205 1033 1359 1065 colores)
1383 1034 1543 1065 Nunnius.

923 1087 964 1116 19
986 1084 1047 1116 Sed
1062 1094 1142 1116 nunc
1155 1093 1216 1115 non
1229 1088 1297 1115 erue
1316 1084 1366 1115 his
1385 1083 1484 1123 locus]
1510 1084 1576 1114 Re-

880 1133 1058 1174 prehendit
1079 1132 1118 1163 τὺ
1139 1131 1316 1173 ἀλλότριον,
1336 1133 1425 1174 quod
1451 1133 1576 1164 usitate

879 1183 1054 1214 nominant
1069 1181 1320 1223 ἀπροσδιόνυσον,
1336 1183 1398 1214 boc
1419 1187 1484 1218 est,
1499 1192 1576 1214 cum

878 1234 959 1275 quid
976 1234 1056 1265 nihil
1074 1233 1221 1274 pertinet
1236 1232 1278 1264 ad
1297 1232 1503 1271 institutum,
1516 1233 1578 1264 sed

877 1284 919 1315 ab
935 1293 976 1314 eo
988 1283 1133 1314 alienum
1148 1287 1214 1314 est.
1235 1282 1394 1314 Piscator.
1445 1282 1578 1322 Cupres-

875 1333 959 1374 sum]
982 1331 1094 1363 Arbor
1121 1330 1252 1367 feralis,
1276 1341 1340 1363 uec
1362 1331 1426 1363 nisi
1449 1330 1579 1363 funeri-

877 1382 940 1413 bus
963 1381 1065 1422 adfigi
1084 1381 1206 1413 solita:
1227 1381 1285 1413 sed
1308 1381 1388 1423 quid
1411 1380 1578 1422 naufrago

877 1441 920 1463 ex
937 1431 1033 1463 undis
1048 1437 1183 1463 servato
1199 1432 1342 1474 vivoque
1354 1431 1402 1463 rei
1418 1436 1486 1471 est,
1501 1441 1577 1463 cum

878 1491 1052 1522 cupresso,
1067 1491 1142 1523 quae
1160 1491 1225 1513 non
1242 1482 1330 1521 vivo,
1346 1482 1404 1514 sed
1421 1481 1578 1515 fanerato

877 1532 1058 1563 convenit?
1091 1531 1156 1562 His
1170 1532 1268 1572 locus]
1287 1531 1350 1563 His
1367 1532 1488 1573 pannis
1501 1541 1579 1572 pnr-

879 1582 1006 1621 puteis,
1029 1581 1062 1611 id
1090 1586 1157 1620 est,
1173 1581 1376 1622 eloquentiae
1392 1582 1578 1623 intempes-

880 1631 972 1662 tivae.
1016 1631 1063 1661 Et
1074 1631 1214 1668 sortasse
1227 1632 1419 1672 cupressum]
1446 1631 1578 1662 Rursus

880 1680 1043 1720 inculcat,
1064 1686 1100 1710 ut
1116 1680 1211 1711 nobis
1225 1680 1306 1720 ipsis
1322 1687 1525 1719 constemus,
1540 1685 1578 1712 et

878 1738 922 1759 ne
933 1729 1081 1769 inceptae
1094 1729 1190 1760 obliti
1200 1729 1364 1768 materiae,
1375 1728 1417 1760 ad
1429 1729 1492 1760 alia
1508 1730 1579 1760 vel·

878 1778 929 1809 nti
958 1776 1013 1818 ἀφ’
1034 1779 1135 1808 ἵππων
1162 1778 1210 1809 ἐπ’
1240 1777 1328 1810 ὅνους
1360 1779 1579 1811 transcenda-

879 1838 951 1859 mus
963 1839 974 1866 ;
996 1829 1141 1868 apologo
1153 1829 1240 1860 scito
1251 1838 1320 1860 rem
1332 1829 1578 1871 demonstrans,

879 1878 973 1919 quasi
989 1877 1080 1918 apud
1097 1882 1232 1908 veteres
1249 1878 1360 1918 pictor
1379 1878 1497 1914 fuerit.
1520 1879 1579 1920 qui

881 1927 1058 1967 eleganter
1067 1936 1263 1967 cupressum
1271 1927 1498 1968 exprimeret:
1512 1938 1581 1960 om-

880 1975 977 2007 nibus
993 1985 1075 2016 ergo
1087 1985 1226 2017 operam
1243 1978 1490 2018 postulantibus
1501 1987 1579 2019 per·

881 2025 1060 2065 suadebat,
1075 2030 1113 2056 ut
1129 2026 1273 2067 picturae
1298 2029 1494 2068 cupressum
1519 2029 1578 2060 ad-

880 2075 986 2107 ditam
1004 2076 1152 2114 velleut;
1176 2076 1258 2108 artis
1274 2086 1343 2108 suae
1363 2078 1577 2109 ostentandae

880 2126 1007 2166 gratia5
1031 2127 1078 2157 ita
1094 2130 1133 2158 ut
1148 2126 1340 2167 importune
1355 2127 1456 2159 nimis
1476 2128 1579 2159 omni·

881 2176 942 2207 bus
965 2176 1087 2207 tabulis
1102 2175 1254 2207 additam
1275 2181 1419 2217 cuperet
1440 2186 1579 2218 cupres-

880 2235 966 2258 sum.
987 2226 1135 2257 Turneb.
1150 2234 1201 2257 11.
1217 2229 1271 2258 31.
1296 2227 1456 2259 Nunnius.

923 2279 966 2307 2⁰
988 2275 1235 2317 Scis'simulure]
1258 2275 1416 2307 Simulare
1442 2277 1578 2316 elegan-

882 2332 936 2358 ter
957 2325 1022 2357 hoc
1046 2327 1122 2357 loco
1145 2335 1224 2356 usus
1247 2329 1298 2355 est
1315 2324 1454 2355 ἀντὶτοῦ
1476 2331 1486 2343 ·
1504 2326 1577 2366 pin-

881 2376 1001 2416 gere3'
1024 2385 1103 2407 vera
1130 2375 1219 2406 euim
1243 2374 1388 2415 picturae
1415 2376 1520 2406 virtus
1533 2375 1578 2407 ad

881 2427 992 2457 vivum
1010 2425 1200 2466 exprimere
1216 2423 1343 2464 studet,
1361 2428 1397 2455 et
1413 2424 1517 2455 veluti
1530 2425 1579 2456 vi-

879 2480 948 2507 tam
980 2476 1094 2507 colore
1122 2483 1181 2505 suo
1211 2478 1354 2504 mortnae
1382 2473 1506 2505 tabulas
1529 2475 1579 2506 in-

879 2525 972 2557 dere.
1004 2524 1162 2556 Nunnius.
1205 2522 1376 2563 Simulare]
1410 2524 1577 2557 Penicillo

880 2575 1082 2615 exprimere.
1123 2572 1207 2607 Quid
1221 2571 1292 2612 hoc]
1316 2573 1407 2606 Quid
1421 2574 1498 2614 boc,
1513 2575 1577 2607 sei.

879 2626 961 2656 licet
987 2632 1184 2663 cupressum
1209 2622 1417 2664 piugere‚ad
1443 2624 1578 2657 naufra-

881 2674 972 2714 gium
988 2671 1161 2712 pertinet?
1206 2671 1371 2710 Sisracts's
1395 2675 1516 2716 enutut]
1539 2675 1577 2706 Si

881 2726 921 2763 is,
936 2733 956 2754 a
972 2732 1039 2764 quo
1056 2722 1247 2755 mercedem
1263 2724 1440 2766 accepisti,
1455 2727 1504 2758 nti
1519 2726 1577 2757 abs

884 2779 918 2805 te
951 2772 1160 2814 pingeretur,
1190 2772 1369 2815 naufragus
1397 2776 1460 2807 sit?
1497 2776 1576 2817 quid
