1858 3184
632 275 689 313 Q-
715 273 923 304 ιιοιιΑτιι
960 268 1168 303 nuncet.
1499 253 1614 301 1943

182 378 187 382 “
235 373 337 411 1474
365 372 671 413 Mediolanensis
689 384 766 411 ιιι.
793 370 979 409 Horatius
998 379 1068 420 per
1083 368 1180 406 Ant.
1196 368 1390 414 Zarotum,
1405 370 1447 406 4.
1478 367 1615 419 Doug-

176 435 239 474 las
258 437 285 474 l.
305 450 343 476 c.

168 498 171 501 ’
230 522 287 528 -
312 501 591 540 Ferrarieusis:
616 513 688 553 per
717 498 943 538 Camerium
978 494 1259 546 Augustiuum,
1281 496 1320 533 8.
1378 494 1422 532 In
1455 493 1533 532 fine
1562 493 1619 532 le-

178 563 286 614 gitur
302 564 556 603 tetrastichon
568 576 583 602 τ

391 627 577 667 Ferrariae
594 626 790 679 impressit
806 624 994 676 regnante
1013 623 1088 662 sub
1110 621 1281 661 Hercule
1300 621 1392 660 divo

411 701 418 707 ’
442 690 570 741 Regia
586 700 666 740 quo
684 687 833 740 gaudet
850 700 956 726 nunc
975 685 1141 725 Liouora
1161 686 1244 723 viro

386 753 600 791 Caruerius
616 764 715 805 puer
734 751 993 801 Augustinus,
1011 750 1075 789 cui
1090 749 1200 788 dedit
1220 747 1364 787 almam

444 815 670 855 Bernardus
689 815 816 854 lucem
834 814 1056 866 Bibliopola
1073 813 1215 852 bouus.

176 877 243 916 Cf.
264 873 437 918 linit-r.
455 879 502 918 T.
518 893 549 918 1.
566 891 607 930 p.
628 869 720 921 336.
739 878 858 930 quiin
870 878 1050 930 exemplo
1065 891 1090 916 a
1108 890 1151 916 se
1166 877 1250 915 viso
1267 875 1517 915 desiderabat
1532 875 1622 914 Ser-

177 953 315 980 mones
332 949 373 981 et
389 942 523 981 Artem
541 943 748 995 poeticam.
1640 974 1652 998 7

234 1006 339 1043 1476
364 1001 528 1044 Mediol.
551 1019 615 1045 ιν.
659 1007 710 1051 Q.
730 1006 782 1044 H.
804 1005 849 1044 F.
879 1018 1012 1057 opera,
1045 1005 1114 1044 fol.
1172 1005 1217 1043 In
1249 1004 1353 1043 fine:
1398 1003 1486 1043 Hoc
1521 1015 1620 1055 opus

177 1067 332 1107 Horatii
349 1069 709 1108 emendatissimum
741 1069 973 1120 impressum
993 1076 1057 1107 est
1086 1082 1206 1120 opera
1235 1075 1275 1107 et
1309 1066 1496 1118 impensis
1517 1066 1621 1105 Phil.

177 1131 230 1170 de
250 1132 460 1183 Lavagnia,
478 1132 574 1171 civis
594 1132 808 1170 mediolan.
828 1132 893 1170 die
914 1145 990 1170 xv.
1022 1133 1136 1170 Febr.
1151 1133 1291 1169 Amen.

240 1196 340 1232 1477
370 1195 678 1233 Mediolanensis
699 1207 742 1233 v.
760 1195 829 1233 sol.
885 1196 929 1233 Iu
963 1196 1065 1233 fine:
1093 1207 1211 1247 opera
1240 1193 1496 1244 et,impeusis
1515 1193 1620 1232 Phil.

182 1258 405 1309 languine,
421 1258 517 1298 civis
533 1258 749 1297 Mediolan.
767 1271 873 1298 anuo
886 1271 911 1298 a
922 1258 1045 1297 natali
1058 1258 1284 1297 Christiano
1300 1267 1621 1296 uccccnxxvn.

183 1322 300 1364 tertio
318 1321 411 1359 Kal.
425 1322 536 1361 Maii.

232 1404 293 1412 --
317 1383 535 1431 Tarvhiua,
553 1385 621 1423 sol.

234 1469 291 1475 —
315 1447 469 1486 Veneta
488 1460 522 1486 1.
554 1461 624 1499 per
654 1448 756 1488 Phil.
774 1447 954 1488 Condam
974 1448 1094 1487 Petri.
1133 1448 1210 1487 Die
1231 1461 1301 1486 xv.
1336 1447 1449 1498 Sept.
1467 1445 1625 1485 dicante

183 1510 287 1562 (lege
304 1510 488 1560 ducante)
503 1512 659 1551 Joaune
678 1512 905 1564 Mocenigo,
923 1512 995 1552 fol.

239 1575 342 1613 1478
371 1574 534 1622 Eadem,
566 1589 711 1624 novum
750 1571 919 1622 titulum,
955 1583 1229 1627 mutatumque
1281 1575 1374 1613 anni
1424 1586 1626 1613 uumemm

187 1638 339 1677 habens
352 1651 428 1676 :-
442 1638 507 1677 die
526 1652 604 1678 xv.
620 1641 730 1690 Sept.
750 1639 922 1678 ducante
939 1639 1005 1678 Jo.
1025 1639 1253 1690 Mocenigo,
1274 1638 1359 1676 fol:

242 1702 344 1739 1479
371 1700 535 1748 Eadem,
565 1708 716 1740 mutato
733 1715 837 1739 auno
854 1701 1115 1740 :—-dueante
1146 1701 1214 1739 Jo.
1243 1700 1470 1750 Moeenigo,
1490 1697 1627 1737 inclito

189 1763 306 1809 duce,
322 1775 631 1802 uccchxxrx.
647 1764 711 1802 die
730 1777 862 1802 xvur.
882 1757 993 1814 Sept.
1018 1763 1103 1801 Fol.

247 1827 351 1864 1480
379 1826 532 1876 Opera:
563 1839 653 1864 cum
684 1839 824 1865 comm.
845 1826 1011 1864 Acronis
1044 1834 1086 1864 et
1113 1824 1411 1877 Porphyrionis,
1432 1838 1467 1863 s.
1485 1825 1514 1863 l.
1531 1832 1574 1864 et
1590 1837 1630 1864 a.

193 1888 261 1926 fol.
289 1888 551 1939 Epistularum
582 1889 669 1928 libri
687 1889 767 1928 duo
785 1889 1026 1938 (charactere
1057 1889 1110 1928 ad
1141 1889 1354 1927 Gothicum
1387 1887 1626 1936 incedente).

192 1952 239 1991 In
257 1952 358 1990 fine:
384 1952 561 2003 impress.
590 1952 808 1990 Cadomum
825 1952 931 2002 (lege
953 1953 1127 2000 &do-oi)
1141 1964 1210 2002 per
1227 1951 1337 2002 Mag.
1356 1951 1447 1990 Jac.
1475 1950 1635 1989 Duran-

191 2010 266 2053 das
281 2021 324 2053 et
340 2013 523 2065 Egidium
542 2014 708 2066 Quijoue
726 2027 831 2053 anno
850 2015 1011 2053 Domini
1031 2027 1323 2054 ncccctxxx.
1342 2027 1477 2052 mense
1493 2013 1631 2061 Junio,

193 2077 257 2119 die
274 2091 367 2117 vero
385 2090 447 2116 u.
467 2077 643 2128 ejusdem
661 2079 823 2117 mensis.
1180 2085 1187 2090 ‘

246 2142 346 2180 1481
376 2141 582 2180 Carmina:
611 2155 701 2181 cum
713 2155 854 2181 comm.
872 2142 1151 2194 Porphyrionis
1166 2150 1207 2182 et
1224 2141 1418 2186 Amnis:
1439 2154 1489 2179 ex
1501 2153 1634 2179 emen·

192 2204 351 2244 datione
377 2204 570 2257 Raphaiil.
602 2206 715 2257 Regii
751 2206 944 2254 Patavini,
962 2220 996 2245 s.
1015 2207 1044 2245 l.
1075 2207 1145 2246 sol.
1201 2207 1398 2257 Impressa
1434 2205 1629 2243 venetiis.

195 2268 287 2306 Vid.
306 2268 532 2307 Gemeiners
553 2268 815 2308 Nachrichteu
842 2283 919 2308 von
952 2270 1030 2308 den
1064 2270 1105 2308 in
1140 2270 1211 2308 der
1230 2267 1631 2319 Regensburgiscbeu

194 2330 416 2369 Bibliothek
432 2331 694 2369 befiudlichen
716 2333 896 2371 Biichern
916 2346 959 2384 p.
976 2335 1071 2372 222.

249 2396 351 2432 1482
378 2392 544 2431 Landiui
564 2406 596 2431 1.
624 2394 861 2434 Florentina.
903 2397 1103 2435 Horatius.
1161 2397 1207 2433 In
1246 2395 1347 2432 fine:
1394 2392 1625 2443 christoph.

194 2456 373 2502 Laudini,
392 2456 620 2503 Florentiui,
654 2457 695 2494 in
723 2458 772 2502 Q.
794 2459 847 2497 H.
870 2461 916 2499 F.
948 2460 1082 2512 Opera
1112 2459 1244 2497 omnia
1273 2456 1633 2506 interpretationum

195 2517 287 2556 finis
306 2517 437 2555 divino
467 2518 609 2556 auxilio
639 2520 745 2558 felix.
798 2522 1036 2574 Impressum
1067 2536 1138 2574 per
1164 2523 1311 2558 Anton.
1341 2518 1633 2565 Miscominum,

195 2579 410 2619 Florentiae
428 2592 494 2617 au.
513 2580 650 2620 salutis
672 2585 1148 2625 acccczxxx11.Nonis
1166 2582 1335 2633 Augusti
1340 2582 1575 2634 .—-Elegans
1592 2589 1634 2621 et

202 2643 326 2681 nitida
350 2641 471 2680 editio
502 2655 626 2695 eaque
663 2646 842 2700 princeps
876 2664 967 2701 quae
1000 2646 1340 2699 interpretationes
1373 2645 1538 2684 Laudini
1560 2646 1633 2685 ad·

243 2751 259 2779 1
287 2747 394 2781 Ediiot
395 2750 502 2781 mh
504 2748 840 2790 JusamuVenetam
859 2760 892 2784 ut
946 2753 998 2784 tle
971 2763 1039 2783 eius
1060 2752 1196 2783 omnium
1230 2751 1358 2793 primam
1392 2761 1460 2782 esse
1490 2751 1635 2787 credidit,

197 2790 354 2822 Fabricius
402 2798 542 2830 annotat,
576 2793 656 2823 illam
683 2796 777 2827 1477.
811 2796 893 2827 Ben
946 2806 988 2837 qu
970 2793 1359 2826 uaeendemessevidetur.
