1858 3184
271 211 386 253 1936
724 225 932 255 ΝυϊιίῚΑ
977 224 1255 255 hirimanni

271 335 386 374 quam
408 321 634 374 Virgiliani:
667 324 735 362 sed
770 331 899 362 tamen
936 338 1013 363 non
1046 326 1173 376 pauci,
1208 331 1275 363 aut
1295 326 1588 367 contemnendi.
1645 329 1724 368 Co-

269 386 394 424 dicem
423 387 580 437 optimae
603 394 706 426 notae
727 398 1005 428 commemorat
1025 390 1207 427 Barthius
1239 389 1340 428 Adv.
1366 401 1515 429 xxxv.
1532 392 1573 429 2.
1603 388 1723 431 Bent-

268 449 368 488 leius
386 450 648 501 Reginensem
669 463 710 501 p.
731 453 791 490 13.
815 455 876 491 16.
898 455 971 491 διο.
1031 453 1262 493 Leidensem
1285 455 1377 493 800.
1395 466 1600 503 annorum,
1621 455 1727 495 Can-

268 514 544 565 tabrigiensem
565 515 659 553 600.
679 514 770 554 item
805 516 923 555 alium
955 517 1095 562 Galei;
1126 530 1162 556 v.
1197 524 1237 556 et
1270 517 1484 557 Burmanni
1514 518 1628 571 praef.
1661 517 1725 563 ed.

272 578 387 615 1713.
412 578 473 615 12.
495 577 572 615 Ms.
596 577 781 618 Biblioth.
805 581 959 619 Hanov.
996 581 1199 633 scripturae
1219 581 1530 632 Longobardicae
1550 582 1725 630 minoris,

265 641 359 679 item
390 640 679 692 Goettingensis
712 645 966 684 recentiorem
1002 645 1162 684 habent.
1225 646 1380 685 Habent
1410 653 1450 685 et
1482 646 1584 686 Bibl.
1615 646 1723 699 Lips.

267 705 361 743 Seu.
381 710 422 743 et
438 705 573 743 Vinar.
594 706 736 754 Mstos‚
764 721 928 759 quorum
948 709 1133 755 omnium,
1156 709 1396 762 aliorumque
1417 717 1600 763 excerpta
1621 710 1724 749 Ges-

266 781 382 806 nerus
403 768 551 808 habuit.
611 770 748 810 Plures
785 773 962 823 reperiet,
983 773 1051 824 qui
1069 773 1188 819 volet,
1227 774 1265 811 in
1303 774 1600 814 Montefalconii
1619 773 1722 813 Bibl.

263 831 364 871 Mss.
384 834 459 872 διο.
517 833 617 873 Vide
635 841 675 873 et
701 836 793 873 Jani
810 836 902 874 edit.
926 837 1078 874 Horatii
1100 837 1211 876 Tom.
1236 851 1267 876 1.
1290 837 1377 876 Vol.
1401 851 1432 876 1.

628 986 788 1036 Scripta
810 985 982 1024 Horatio
1003 985 1121 1024 lucem
1143 986 1370 1037 afferentia.

319 1082 360 1118 In
383 1080 520 1118 Artem
540 1075 750 1126 Pofflicam
771 1082 980 1132 separatim
1016 1081 1206 1132 scripsere
1227 1081 1398 1132 plurimi,
1417 1116 1419 1119 ⁴
1435 1093 1600 1132 quorum
1619 1093 1718 1120 non-

262 1144 392 1182 nullos
414 1143 617 1181 annotavit
643 1144 759 1182 etiam
777 1144 979 1182 ‘Adrianus
995 1144 1202 1192 Bailletus,
1233 1145 1272 1182 in
1300 1143 1459 1196 judiciis
1478 1144 1718 1184 eruditorum

262 1207 311 1245 de
346 1207 600 1259 scriptoribus
634 1207 749 1259 hujus
783 1207 1018 1259 argumenti,
1051 1206 1240 1259 singulari
1272 1208 1468 1247 volumine
1501 1209 1719 1256 recensitis,

260 1270 376 1308 Vitus
395 1271 695 1317 Amerbachius,
735 1273 898 1322 Argent.
937 1273 1056 1310 1543.
1093 1273 1132 1310 8.
1153 1271 1293 1311 Franc.
1330 1272 1379 1310 de
1414 1272 1616 1319 Cascales,
1637 1273 1719 1311 Va·

259 1334 392 1372 lentiae
414 1334 530 1372 1659.
548 1336 587 1373 8.
618 1334 709 1372 Nic.
731 1335 935 1381 Colonius,
962 1334 1144 1385 Ber-gomi
1169 1336 1284 1374 1587.
1309 1336 1346 1373 8.
1377 1334 1517 1372 Thom.
1533 1335 1715 1373 Corraeus

261 1397 486 1444 Lusitanus,
507 1398 647 1436 Venet.
674 1398 792 1436 1587.
810 1400 848 1436 8.
877 1397 1036 1449 Trypho
1057 1398 1231 1444 Gabriel,
1247 1398 1368 1437 Paris.
1394 1400 1510 1437 1544.
1533 1400 1570 1436 8.
1593 1398 1717 1438 Henr.

261 1461 495 1508 Glareanus,
516 1461 643 1499 Paris.
666 1462 782 1501 1533.
805 1463 844 1500 4.
863 1475 925 1513 ap.
944 1461 1045 1499 Rob.
1065 1461 1201 1513 Steph.
1223 1461 1309 1500 Jac.
1329 1461 1518 1508 Grisolus,
1537 1462 1714 1501 Florent.

263 1527 381 1565 1550.
415 1525 543 1563 Paris.
580 1526 698 1565 1552.
736 1532 776 1564 et
795 1525 938 1563 Venet.
962 1526 1079 1563 1562.
1102 1527 1140 1564 8.
1179 1538 1269 1564 cum
1306 1525 1486 1577 apologia
1525 1525 1714 1564 adversus

260 1589 448 1627 Jasonem
469 1589 519 1627 de
551 1588 693 1628 Nores.
727 1590 868 1628 Franc.
903 1589 1102 1636 Luisiuus,
1125 1589 1343 1636 Utinensis,
1372 1589 1514 1628 Venet.
1538 1591 1652 1628 1554.
1673 1592 1713 1628 4.

258 1652 366 1705 apud
385 1652 480 1691 Ald.
500 1652 661 1691 Manut.
690 1652 894 1691 Vicentius
915 1653 1076 1691 Madius
1097 1653 1320 1700 Brixianus,
1339 1650 1479 1693 venet.
1506 1654 1623 1692 1550.
1644 1653 1713 1692 fol.

257 1730 347 1755 cum
367 1716 649 1755 commentario
668 1715 845 1767 ejusdem
864 1723 904 1756 et
924 1716 1062 1755 Barth.
1092 1716 1312 1755 Leonhardi
1328 1716 1370 1754 in·
1390 1716 1590 1755 Poeticam
1605 1716 1714 1755 Aris-

256 1781 402 1819 totelis.
432 1780 561 1818 Aldus
583 1780 787 1819 Manutius
813 1780 949 1831 junior
977 1780 1072 1818 ibid.
1111 1780 1228 1819 1576.
1248 1783 1288 1819 4.
1336 1780 1528 1819 Hercules
1550 1780 1713 1820 Manno·

256 1844 359 1890 nius,
379 1844 576 1894 Bergomi‚
607 1846 726 1883 1604.
746 1846 786 1883 4.
828 1844 913 1883 Pet.
942 1844 1140 1888 Nannius,
1172 1843 1223 1882 ad
1255 1844 1406 1883 calcem
1434 1843 1530 1883 edit.
1560 1843 1716 1883 Horatii

256 1920 345 1945 cum
364 1907 556 1945 Torrentii
575 1909 868 1954 commentario,
900 1909 1020 1946 Antv.
1044 1910 1163 1946 1608.
1185 1910 1225 1946 4.
1254 1909 1377 1946 Jason
1403 1908 1453 1946 de
1474 1909 1614 1956 Non-es,
1635 1909 1715 1960 Cy-

256 1970 378 2021 prius,
397 1971 515 2008 1544.
538 1971 575 2008 8.
623 1971 764 2008 Venet.
789 1972 906 2009 1553.
954 1971 1081 2008 Janus
1112 1970 1362 2016 Parrhasius,
1380 1970 1507 2022 Neap.
1534 1973 1648 2010 1531.
1669 1975 1708 2011 4.

260 2034 385 2073 Paris.
417 2034 534 2071 1553.
573 2033 700 2084 Lugd.
739 2034 856 2071 1536.
898 2034 1040 2072 Venet.
1079 2035 1194 2072 1553.
1240 2034 1302 2072 .Ῑο.
1337 2033 1530 2082 Piscator,
1570 2035 1710 2087 Spirae,

257 2098 374 2137 1595.
395 2098 433 2135 8.
464 2096 495 2133 F
498 2109 605 2134 rane.
627 2097 847 2135 Robortelli
868 2097 1149 2136 commentaria
1167 2110 1255 2135 cum
1277 2097 1360 2148 ejus
1380 2098 1708 2149 explicationibus

253 2161 302 2200 de
324 2161 467 2208 Satira,
500 2160 808 2212 Epigrammate,
843 2160 1061 2208 Comoedia,
1103 2160 1267 2207 salibus,
1301 2169 1341 2200 et
1359 2161 1511 2212 Elegia,
1534 2162 1708 2202 Florent.

258 2216 373 2263 1548.
412 2225 479 2263 fol.
516 2225 658 2263 Franc.
698 2225 875 2263 Sanchez
910 2225 1204 2272 annotationes,
1241 2225 1494 2264 Salmanticoe
1528 2226 1645 2264 1591.
1668 2228 1704 2264 8.

255 2290 376 2328 Ant-v.
400 2289 516 2328 1592.
538 2290 576 2328 8.
612 2289 778 2328 Achillis
813 2290 927 2328 Statii
949 2297 1068 2336 notae,
1097 2290 1217 2328 Antv.
1242 2291 1358 2328 1553.
1380 2291 1419 2327 4.
1459 2289 1525 2328 Jo.
1547 2289 1708 2328 Sturmii

255 2353 572 2401 commentarius,
605 2353 813 2404 Argentor.
838 2354 954 2391 1576.
973 2355 1012 2391 8.
1051 2366 1169 2404 quem
1201 2353 1266 2391 Jo.
1290 2353 1414 2392 Henr.
1435 2353 1614 2392 Acbarus
1631 2353 1707 2392 itc-

254 2431 338 2456 rum
359 2417 498 2472 subjici
518 2416 648 2469 praelis
667 2418 818 2456 curavit
836 2417 1022 2456 Rudolst.
1048 2418 1164 2456 1716.
1186 2419 1223 2456 8.
1257 2417 1345 2456 lod.
1359 2416 1561 2463 Willichii,
1584 2417 1705 2456 Fran-

253 2481 330 2520 cof.
355 2483 472 2520 1539.
494 2483 531 2520 8.
573 2481 638 2520 Jo.
659 2481 776 2534 Bapt.
808 2481 946 2533 Pignae
982 2481 1136 2532 poetica
1167 2481 1386 2520 Horatiana
1417 2481 1559 2520 Venet.
1584 2482 1702 2521 1561.

253 2544 320 2582 sol.
341 2548 415 2584 &c.
472 2545 663 2597 Princeps
683 2553 722 2584 et
744 2545 981 2584 novissimus
1002 2545 1192 2597 interpres
1213 2553 1274 2584 est
1295 2545 1346 2584 R.
1370 2544 1561 2584 Hurdius.
1591 2545 1701 2584 Omi-

254 2607 375 2646 simus
398 2609 642 2661 AnalyticOS,
665 2609 913 2656 Rhetoricos‚
937 2615 976 2648 et
997 2609 1297 2661 Paraphrastas,
1316 2616 1361 2647 ut
1379 2609 1418 2647 in
1445 2609 1584 2647 ceteris
1615 2621 1702 2660 par-

254 2671 381 2709 tibus:
412 2685 510 2722 quos
530 2686 645 2712 nemo
664 2674 782 2714 hodie
802 2674 955 2726 quaerit.
1545 2672 1549 2675 ’

309 2735 353 2771 In
387 2735 590 2786 Epistolas
621 2737 812 2777 Claudius
845 2738 990 2784 Minos,
1021 2737 1148 2776 Paris.
1187 2738 1306 2776 1584.
1341 2739 1379 2774 4.
1428 2736 1493 2774 Jo.
1514 2734 1701 2784 Amarito,

254 2797 347 2836 ibid.
372 2799 486 2836 1553.
514 2800 575 2835 12.
