1858 3184
281 241 393 283 1778
411 250 417 258 '

281 344 491 386 vasculisque
527 341 759 384 unguentariis
797 340 975 372 verborum

279 395 348 426 ines
364 393 496 425 deliciae
509 392 767 433 depromuntur.
812 391 821 408 ‘
835 389 978 430 Ampul-

281 445 343 476 lari
355 443 363 457 ¹
381 453 460 475 vero
480 443 587 483 magis
604 441 822 473 severitatem
838 445 873 472 et
887 445 977 472 atro-

281 493 419 526 citatem
445 491 613 534 quandam
640 491 720 532 styli
742 494 779 522 et
800 490 976 522 robustum

280 545 398 576 nescio
411 543 492 585 quid
503 541 688 581 significat,
699 541 782 572 utin
792 540 977 581 Tragoedia

281 595 420 634 utimur,
439 602 514 624 cum
539 593 630 632 ipsas
656 600 708 622 res
732 594 855 622 natura
871 601 976 622 saevas

281 643 355 683 pari
378 642 564 674 severitate
587 649 802 672 enarramus:
830 641 915 672 utin
932 641 976 671 E-

282 693 363 732 pist.
379 692 421 723 ad
436 692 600 723 Pisones:
623 691 633 707 ‘
647 689 793 729 Projicit
812 690 976 729 ampullas

282 747 318 772 et
334 740 584 782 sesquipedalia
601 738 727 770 verba.'
782 738 897 770 Graeci
914 739 977 769 ita·

283 800 348 832 que
364 790 406 821 ad
423 800 475 829 ea,
486 799 560 831 quae
578 788 700 820 arculis
712 788 778 819 illis
791 788 977 828 pigmenta-

282 840 340 871 riis
361 840 582 881 ampullisque
605 843 795 876 servantur,
821 848 978 878 respexe-

282 890 352 921 rint
365 901 371 919 :
387 890 528 921 Flaccus
541 898 620 920 vero
631 892 745 920 noster
755 888 796 919 ad
809 888 978 928 ampullae,

282 949 381 980 quam
409 939 492 980 dixi,
514 939 679 978 formam;
706 939 760 970 cui
785 939 914 970 tumida
942 943 978 970 et

282 988 398 1021 inflata
410 990 625 1030 Tragicorum
636 989 745 1019 oratio
759 989 879 1020 merito
889 998 978 1020 com-

283 1044 454 1080 paratur:
483 1038 572 1070 unde
602 1043 638 1069 et
664 1039 834 1077 τραγῳδεῖν
863 1037 978 1069 Graeci

282 1088 417 1128 dicunt,
430 1098 492 1129 pro
511 1087 689 1119 vociferari
705 1092 807 1128 atque
820 1087 980 1118 atrociter

282 1146 399 1177 agere,
415 1143 453 1168 ut
476 1138 589 1168 miseri
611 1142 715 1177 atque
741 1137 819 1168 irati
844 1138 978 1168 solent:

281 1186 332 1218 his
347 1186 449 1225 adde,
465 1187 492 1217 si
509 1185 613 1221 lubet,
626 1185 823 1217 Turuebum
836 1194 888 1218 rx.
903 1188 934 1216 3.
947 1190 981 1217 et

286 1245 391 1268 xxvi.
408 1239 463 1268 27.
488 1236 629 1267 Torrent.

327 1288 366 1317 15
392 1285 515 1324 Celsus]
538 1286 675 1317 Celsum
704 1285 858 1324 intelligo
885 1285 981 1317 Albi-

284 1343 449 1366 novanum
482 1335 526 1366 de
556 1344 622 1375 quo
649 1343 727 1365 mox
761 1335 916 1374 Epistola
951 1336 981 1366 ei

282 1383 449 1424 inscripta
486 1384 613 1425 aliquid
650 1383 811 1415 dicemus.
838 1384 981 1416 Torrent.

286 1434 397 1466 Celsus
410 1434 495 1475 agit]
518 1434 636 1466 Celsus
653 1433 764 1465 Poeta
780 1433 837 1475 qui
855 1434 982 1465 alienos

284 1494 399 1515 versus
416 1494 478 1525 pro
495 1483 563 1515 suis
579 1484 753 1515 recitaret.

328 1537 368 1566 16
390 1535 542 1566 Privatos
556 1534 607 1575 ut]
632 1534 680 1565 Ut
697 1544 791 1565 suain
814 1534 980 1565 inventio-

283 1592 373 1622 nem,
389 1593 454 1614 uon
471 1584 614 1615 alienam
632 1588 774 1624 quaerat.

327 1635 366 1664 17
391 1632 557 1663 Palatinus
582 1642 769 1673 quatecunque
791 1633 908 1673 recepit
934 1633 982 1664 A·

279 1681 376 1722 pollo]
401 1681 470 1712 Pro
486 1681 660 1722 quibusvis
676 1688 829 1713 veterum
843 1683 979 1723 scriptis

282 1732 345 1761 boc
369 1730 498 1761 dictum
523 1731 689 1771 intelligo:
716 1731 836 1772 quibus
855 1741 979 1773 nempe

281 1779 487 1810 bibliotheca
512 1779 670 1810 Palatina
693 1781 737 1812 ab
762 1780 916 1821 Augusto
934 1781 980 1813 Α-

283 1829 399 1868 pollini
427 1838 467 1858 ac
489 1828 597 1859 Musis
625 1829 793 1864 dedicata,
819 1834 856 1860 ut
870 1839 894 1861 1.
910 1830 979 1861 Od.

283 1880 333 1908 31.
366 1877 523 1914 diximum,
559 1875 688 1906 referta
724 1882 810 1908 erat.
837 1878 979 1908 Tor-rent.

282 1925 409 1966 Apollo]
434 1924 601 1965 Apollinis
626 1925 755 1965 templo
785 1924 980 1965 adjunctam

282 1975 518 2006 bibliothecam
537 1973 711 2014 Augustus
735 1977 933 2004 extruxerat
948 1973 981 2004 iu

283 2029 400 2055 monte
416 2024 586 2056 Palatino.

328 2075 369 2104 19
393 2072 574 2112 Cornicula]
606 2072 722 2104 Graeci
750 2070 889 2110 κολοιὸν,
917 2071 981 2103 hoc

285 2127 351 2162 est,
383 2123 556 2161 graculum,
590 2121 779 2162 appellant.
821 2121 981 2151 Erasmus

283 2171 510 2212 Ciuiliadibus,
535 2170 686 2202 Αῖσῶπιος
719 2169 861 2208 κολοιόςς
891 2169 980 2211 quod

285 2220 411 2253 dicitur
435 2222 468 2252 iu
495 2231 586 2261 eum,
610 2222 668 2263 qui
694 2221 803 2253 aliena
825 2231 886 2262 pro
911 2221 980 2252 suis

285 2275 438 2311 usurpat,
462 2271 670 2312 aliorumque
694 2270 789 2302 bonis
811 2280 848 2302 se
865 2271 980 2302 vendi-

286 2326 350 2352 tat.
373 2320 527 2353 Turneb.
545 2329 646 2352 xxvx.
659 2323 713 2352 27.
737 2319 881 2351 Torrent.

327 2372 370 2401 20
393 2370 466 2410 Ipse
480 2371 554 2410 quid
567 2370 678 2411 audes]
701 2370 768 2409 Tu,
783 2370 853 2403 Juli
871 2370 982 2410 Flore,

287 2429 370 2461 quos
386 2421 535 2461 sequeris
553 2415 738 2452 Auctores?

328 2473 369 2500 2ι
397 2470 604 2505 Quae-circum
619 2470 731 2501 volitas
751 2469 845 2509 agilis
859 2469 982 2511 thyma]

288 2518 422 2549 Celsum
439 2529 459 2549 a
475 2519 588 2560 plagio
602 2529 724 2551 cavere
740 2524 874 2551 monet:
905 2520 982 2551 Flo-

288 2577 361 2599 rum
378 2578 456 2599 vero
470 2569 513 2600 ob
529 2569 764 2608 imitationem,
777 2578 844 2611 qua
859 2568 980 2600 dextre

289 2627 367 2649 usus
387 2618 444 2656 sit,
456 2618 688 2659 commendam
710 2618 775 2650 uisi
794 2618 862 2650 dici
875 2619 981 2650 mavis

288 2667 462 2698 materiam
479 2667 584 2707 ipsam
601 2668 634 2698 in
650 2678 715 2709 qua
737 2673 809 2699 tum
824 2667 981 2699 versaba-

289 2721 347 2748 tur
362 2717 492 2748 Florus.
518 2716 658 2748 Turrem.
694 2711 785 2753 'Quae
802 2718 918 2749 circum
929 2727 982 2750 oo-

289 2767 374 2808 litas,
388 2765 458 2808 ξω]
481 2766 617 2799 Circum
641 2777 716 2809 quse
732 2769 853 2800 volitas
870 2768 982 2809 thyma

746 247 886 278 No'rAE
922 245 1181 277 VARIORUM
1217 245 1268 275 ΙΝ

1027 340 1120 371 velut
1143 339 1231 379 apis,
1253 348 1295 370 ex
1314 336 1414 370 variis
1443 336 1620 372 doctorum
1636 339 1723 372 viro-

1026 399 1099 421 rum
1116 389 1254 429 scriptis
1272 389 1364 420 varia
1377 388 1578 429 decerpens.

1067 441 1109 470 23
1134 438 1203 469 Nec
1224 440 1361 478 turpiter
1383 438 1516 478 hirtum]
1543 439 1666 471 Plures
1686 440 1726 472 li·

1026 487 1080 519 bri
1102 497 1163 519 mm
1189 488 1335 527 turpiter,
1365 488 1419 519 vel
1449 491 1480 519 et
1507 489 1643 528 turpiter
1662 488 1727 520 hir-

1026 540 1102 570 tum.
1149 537 1282 569 Alludit
1318 542 1433 569 autem
1461 539 1503 569 ad
1533 539 1608 580 hoc,
1637 540 1751 582 quod,

1026 588 1036 605 ‘
1052 587 1152 619 hirti'
1169 588 1240 618 sive
1264 589 1274 605 ⁴
1287 587 1408 619 hirsuti
1423 587 1431 600 ’
1449 588 1596 619 audaces
1622 588 1728 628 magis

1025 637 1202 677 habentur,
1238 647 1339 678 quam
1378 637 1570 678 ingeniosi:
1601 637 1664 669 nisi
1693 638 1728 670 in

1027 687 1232 728 Metaphora
1248 686 1291 718 ab
1317 695 1398 725 agro
1413 691 1524 717 sumta
1542 687 1730 727 persistere

1027 747 1102 768 eum
1125 737 1241 776 malis;
1264 737 1273 753 ‘
1288 735 1397 767 birta’
1413 736 1502 766 enim
1527 745 1604 776 quae
1627 736 1728 767 etin-

1027 788 1129 819 culta.
1169 787 1312 818 Tor-rent.
1359 786 1427 817 Nec
1463 786 1614 828 turpiter]
1652 786 1728 818 Nec

1028 837 1113 868 rude
1130 841 1167 868 et
1185 836 1388 876 impolitum.

1069 890 1111 919 24
1134 889 1199 920 Seu
1227 887 1382 928 linguam]
1418 887 1498 919 Sive
1529 886 1728 927 Oratorem,

1027 938 1323 977 Jurisconsultum,
1335 938 1389 969 vel
1401 937 1545 969 Poe'tam
1563 938 1646 978 agis.

1069 991 1110 1020 25
1139 989 1233 1020 Feres
1246 989 1346 1020 ederoe
1360 998 1391 1019 υ.
1405 987 1455 1029 p.]
1477 987 1625 1019 Auferes
1641 997 1729 1029 prae-

1027 1039 1106 1069 mia.
1150 1039 1264 1069 Ederae
1287 1037 1444 1078 victricis]
1467 1038 1574 1069 Edem
1598 1037 1727 1068 Bacchi

1029 1092 1096 1126 est,
1128 1091 1166 1118 ut
1196 1086 1366 1128 Apollinis
1402 1088 1529 1125 latinam
1553 1087 1731 1128 utriusque

1030 1140 1144 1167 autem
1169 1136 1235 1167 Dei
1261 1137 1406 1167 clientes
1432 1130 1512 1167 snut
1536 1135 1670 1175 Poetae,
1692 1141 1732 1167 ut

1031 1186 1110 1216 alibi
1128 1185 1324 1217 docuimus:
1347 1189 1384 1217 et
1400 1194 1468 1216 non
1492 1185 1601 1216 minus
1617 1184 1732 1220 edera.

1031 1244 1130 1276 quam
1168 1236 1264 1267 lauro
1301 1234 1575 1267 coronabantur:
1613 1244 1731 1276 quarn-

1032 1294 1131 1326 quam
1160 1285 1249 1316 hunc
1277 1285 1387 1316 locum
1410 1285 1453 1316 ad
1476 1284 1731 1316 commissiones

1032 1334 1220 1365 Rhetorum
1242 1333 1493 1374 Poetarumque
1509 1332 1639 1365 referre
1661 1343 1731 1365 ma-

1031 1384 1108 1423 lim3
1132 1390 1170 1415 ut
1195 1384 1304 1424 Floro,
1328 1384 1357 1415 si
1381 1389 1518 1416 certare
1544 1384 1637 1424 velit,
1660 1389 1730 1416 tam

1031 1433 1123 1465 inter
1153 1434 1338 1474 Rhetores,
1363 1442 1463 1475 quam
1489 1434 1580 1465 inter
1603 1432 1732 1465 Po'e'tas
1791 1431 1793 1434 ⁴

1031 1492 1188 1514 coronam
1206 1483 1408 1524 polliceatur
1426 1493 1434 1514 :
1458 1483 1538 1525 quin
1555 1483 1638 1514 etin
1650 1481 1733 1514 Phi-

1031 1533 1184 1574 losophia
1209 1533 1379 1565 excellere
1406 1542 1481 1564 eum
1513 1541 1613 1573 posse
1642 1530 1733 1564 affir-

1031 1588 1113 1622 met,
1130 1582 1157 1613 si
1180 1592 1236 1613 res
1262 1591 1486 1623 omues,quae
1513 1581 1650 1613 inutiles
1672 1590 1732 1612 cu-

1032 1641 1085 1662 ras
1113 1632 1279 1671 nutriant,
1300 1630 1343 1662 ab
1369 1640 1405 1663 se
1430 1630 1591 1662 abdicare
1617 1635 1734 1671 queat,

1032 1681 1121 1721 quod
1137 1681 1286 1712 studium
1300 1681 1399 1712 unice
1413 1680 1637 1712 commendat.
1655 1679 1731 1710 Tor-

1032 1736 1112 1764 rent.
1160 1732 1310 1764 Vis-tricis
1338 1731 1485 1773 praemia]
1508 1731 1632 1764 Ederae
1664 1732 1732 1763 vic-

1033 1782 1152 1812 toriam
1170 1785 1262 1812 tuam
1278 1781 1476 1813 iudicantis.

1074 1833 1117 1861 26
1141 1830 1291 1861 Fomenta
1301 1831 1476 1871 relinquere
1485 1830 1602 1872 posses]
1626 1831 1733 1863 Cura·

1033 1888 1106 1909 rum
1123 1880 1344 1918 nutrimenta,
1360 1889 1482 1919 nempe
1497 1879 1647 1921 divitias,
1661 1889 1730 1912 am-

1031 1926 1203 1961 bitionem,
1221 1931 1257 1958 et
1280 1928 1416 1963 similia,
1439 1938 1531 1968 quas,
1551 1933 1589 1960 ut
1609 1928 1731 1970 frigus,

1031 1981 1172 2017 gravant
1189 1981 1225 2008 et
1239 1976 1376 2007 tardant
1391 1975 1623 2011 festinantem.

1072 2027 1115 2056 28
1139 2024 1211 2056 Hoc
1235 2025 1324 2065 opus]
1348 2025 1574 2066 Properemus
1597 2028 1732 2069 sapien·

1031 2073 1090 2104 tiae
1107 2074 1228 2104 studiis
1243 2073 1450 2106 incumbere.
1493 2075 1609 2116 Parvi,
1619 2080 1651 2108 et
1665 2087 1731 2109 am·

1027 2123 1090 2164 pli]
1115 2123 1356 2164 Cujuscunque
1371 2121 1518 2156 fortunae
1535 2134 1663 2157 sumus.

1073 2174 1115 2203 29
1138 2171 1177 2203 Si
1197 2172 1312 2212 potrioe
1335 2173 1490 2214 volumus]
1511 2174 1561 2205 Ea
1584 2183 1730 2216 namque

1031 2222 1202 2263 sapientia
1226 2222 1342 2262 docet,
1365 2222 1447 2263 quid
1477 2223 1599 2263 patriae
1625 2223 1730 2256 debe·

1031 2282 1117 2307 mus,
1133 2271 1212 2312 quid
1238 2271 1348 2308 nobis,
1364 2271 1444 2313 quid
1470 2272 1672 2314 propinquis
1694 2275 1736 2305 et·

1032 2321 1160 2361 amicis,
1173 2324 1212 2352 ut
1221 2320 1289 2362 περὶ
1300 2319 1489 2359 καθήκοντος
1500 2322 1577 2354 libri
1590 2322 1728 2355 docent.

1034 2371 1131 2411 Cruq.
1420 2385 1423 2388 >

1072 2423 1114 2452 30
1137 2419 1174 2451 Si
1198 2420 1258 2452 tibi
1284 2421 1384 2461 σανα]
1423 2421 1545 2453 Plures
1575 2420 1654 2453 libri
1684 2423 1729 2454 sit

1031 2470 1089 2502 tibi
1126 2480 1220 2501 caroe.
1269 2470 1345 2502 Non
1382 2471 1520 2511 placet:
1553 2471 1603 2503 sic
1639 2472 1727 2503 enirn

1031 2520 1199 2560 scripsere
1215 2519 1271 2561 qui
1291 2519 1334 2550 de
1360 2519 1530 2560 particula
1553 2520 1583 2551 ei
1605 2529 1668 2561 pro
1687 2530 1729 2552 an

1030 2569 1255 2609 dubitabant;
1280 2577 1357 2600 cum
1387 2569 1422 2600 id
1453 2570 1578 2610 saepius
1604 2569 1728 2602 fecerit

1032 2618 1208 2657 Horatius,
1221 2623 1258 2650 et
1274 2618 1331 2649 alii
1354 2618 1490 2659 passim.
1515 2620 1656 2651 Torrent-
1689 2618 1728 2650 Si

1029 2667 1089 2699 tibi
1113 2667 1206 2708 cura]
1229 2667 1283 2699 An
1310 2668 1492 2701 Numatius
1518 2667 1625 2700 frater
1648 2672 1727 2699 tuus

1031 2717 1076 2748 sit
1086 2717 1147 2749 tibi
1161 2721 1266 2750 tantae
1277 2726 1380 2759 curae,
1391 2721 1526 2759 quante
1534 2718 1726 2758 conveniat,

1030 2776 1149 2800 necne.
