1858 3184
259 210 373 258 1948
683 223 942 255 RECENSUS
989 223 1278 260 murionum

260 323 415 363 emend.
437 337 505 376 per
528 326 601 368 rso.
641 325 791 364 Honor.
827 325 1023 376 Crispum.
1059 325 1178 376 Impr.
1213 338 1238 363 a
1262 325 1436 364 Mal-tino
1466 324 1711 378 Laud-berg,

260 387 538 439 Herbipolens.
594 389 670 428 Die
689 388 828 427 ultima
846 401 972 427 mens.
987 389 1153 429 Januar.
1175 389 1362 440 Liptzick,
1374 389 1442 427 fol.

264 473 269 477 -
317 453 419 492 1498
449 453 524 492 Ars
544 452 702 504 poetica
721 459 760 491 et
780 452 906 504 Epod.
927 459 968 491 et
987 453 1156 491 Carmen
1177 452 1314 492 saecul.
1350 465 1440 492 cum
1471 453 1537 493 Jo.
1557 451 1710 492 Sentini

260 515 309 554 de
323 515 558 567 quibusdam
579 515 711 568 lyricis
728 517 952 556 tractatulo.
983 517 1133 568 Liptzk.
1146 519 1186 555 4.
1701 551 1708 557 .

262 608 267 614 ,
312 602 367 608 -
395 579 624 618 Carminum
660 579 756 620 liber
773 593 836 620 1v.
874 595 944 632 per
975 582 1064 621 Jac.
1093 581 1264 630 Tanner‚
1298 581 1490 635 herbipol.
1527 580 1611 620 Die
1629 593 1709 621 v11.

261 643 383 681 Junii.
406 643 558 695 Liptzk.
573 646 614 683 4.

312 731 367 736 —
394 708 469 746 Ars
488 708 670 760 po‘e'tica:
699 722 769 761 per
786 710 876 750 Jac.
894 711 1052 749 Tanner
1071 709 1275 762 Herbipol.
1307 710 1456 762 Liptzk.
1476 712 1516 749 4.

314 794 368 802 -—
397 773 566 811 Carmen
587 773 754 825 Epodon
775 774 931 814 emend.
969 787 1038 825 per
1057 775 1121 813 Jo.
1144 775 1295 813 Honor.
1325 774 1509 826 Crispum
1530 773 1716 812 Cubiten-

261 848 368 875 sem:
399 850 468 888 per
504 837 592 876 Jac.
627 838 825 878 Thanner.
866 839 1018 890 Liptzk.
1053 841 1095 879 4.
1151 839 1197 877 In
1233 838 1328 877 bibl.
1365 837 1563 878 illustriss.
1598 838 1712 877 Com.

261 900 475 940 Solmensis
496 901 588 939 etin
606 902 699 941 bibl.
722 902 901 942 Francos.
920 903 970 941 ad
989 904 1046 942 M.

313 987 367 993 —
395 964 510 1012 Odae,
531 979 621 1004 cum
638 967 878 1018 argumentis
897 974 937 1006 et
955 968 1092 1006 tabula
1110 967 1244 1019 legum
1262 967 1460 1006 carminis.
1488 965 1615 1004 Paris.
1630 966 1672 1003 4.

318 1030 421 1067 1499
451 1029 584 1081 Opera
618 1043 710 1068 cum
747 1031 852 1069 notis
896 1031 1078 1078 Acrouis,
1115 1024 1414 1083 Porphyrionis,
1456 1029 1636 1075 Landini,
1674 1034 1715 1067 et

262 1091 507 1132 Mancinelli.
564 1094 705 1132 Sumtu
724 1094 818 1133 Joh.
837 1094 1002 1133 Tacuini
1022 1093 1071 1132 de
1092 1094 1254 1132 Tridino
1275 1094 1339 1132 die
1359 1107 1426 1133 xv.
1448 1093 1552 1132 Nov.
1573 1092 1715 1131 Venet.

264 1156 334 1195 fol.

315 1244 369 1249 —
397 1222 621 1270 Sermones,
643 1210 712 1261 seu
734 1223 886 1275 Satyrae
905 1235 996 1261 cum
1014 1229 1270 1262 commentar.
1287 1230 1328 1262 et
1344 1220 1512 1262 Acronis
1530 1220 1721 1272 interpre-

261 1285 424 1332 tatione,
444 1300 512 1337 per
531 1287 621 1325 Nic.
644 1287 765 1326 Wolf.
785 1300 818 1326 s.
834 1288 861 1326 l.
879 1287 1099 1338 (Lugduni)
1112 1289 1151 1325 4.

314 1371 368 1377 —
397 1349 599 1400 Epistolae‚
637 1351 861 1397 Sermones,
881 1357 922 1389 et
957 1350 1230 1389 Institutiones
1262 1350 1444 1402 poeticae,
1471 1362 1520 1387 ex
1540 1348 1714 1388 editione

262 1413 401 1452 Jacobi
422 1413 583 1466 Baryni.
602 1413 727 1465 (docti
748 1414 980 1465 Lipsiensis)
1000 1427 1032 1452 s.
1050 1414 1077 1451 l.
1097 1421 1138 1452 et
1156 1427 1192 1453 a.
1214 1414 1374 1465 (Lipsiae
1400 1414 1534 1461 1499.)
1547 1415 1587 1451 4.

321 1479 423 1516 1500
452 1478 606 1530 Satyrae
626 1485 667 1517 et
686 1478 876 1531 Epistolae
896 1491 985 1517 curn
1003 1483 1215 1517 comment.
1237 1478 1403 1516 Acronis
1432 1488 1473 1517 et
1491 1477 1608 1516 Badii
1638 1476 1716 1515 Αι-

264 1542 404 1581 censii.
427 1542 554 1581 Paris.
573 1544 611 1581 4.

316 1628 371 1635 —
398 1605 449 1644 de
467 1613 551 1645 arte
570 1606 728 1658 poetica
745 1606 980 1659 opusculum
1000 1619 1173 1654 aureum,
1193 1607 1244 1645 ab
1262 1606 1455 1646 Ascensio
1475 1605 1715 1645 familiariter

262 1670 498 1722 ¹expositum,
525 1677 566 1709 et
591 1671 788 1710 recentius
822 1671 967 1722 regulis
990 1671 1180 1724 prosaicis
1212 1679 1386 1710 auctum.
1408 1683 1450 1710 v,
1482 1670 1583 1710 Idib.
1604 1670 1717 1721 Sept.

264 1734 437 1773 Parrhis.
458 1735 499 1772 4.

315 1821 372 1827 —
399 1797 514 1837 Odae.
537 1798 730 1851 Impensis
749 1798 857 1839 Petri
877 1811 955 1839 van
975 1799 1049 1838 Os.
1077 1795 1247 1840 Zwonis.
1264 1802 1307 1838 4.

315 1884 371 1890 —-—
399 1862 601 1913 Epistolae.
624 1856 808 1903 Francofj
828 1866 872 1904 4.

323 1926 420 1963 1501
455 1925 505 1969 Q.
527 1926 580 1965 H.
603 1927 648 1964 F.
668 1927 842 1978 impend.
862 1927 975 1965 Alex.
999 1927 1226 1965 Minutiani.
1244 1925 1410 1965 Mediol.
1429 1926 1500 1965 fol.

317 2010 372 2016 -—
401 1988 532 2042 Opera
547 1991 691 2030 omnia.
714 1990 872 2040 Brixiae,
893 1990 963 2030 fol.

488 2151 635 2192 AETAS
665 2151 719 2190 11.
749 2151 972 2191 ALDINA.
1034 2151 1477 2191 1501—1550—1561.

265 2249 341 2289 Per
358 2262 478 2302 quam
494 2250 642 2289 Aldina
661 2263 692 2289 1.
722 2263 810 2289 cum
831 2251 978 2302 priores
1007 2249 1100 2289 edd.
1121 2256 1204 2288 tum
1223 2248 1511 2288 Ascensianam
1527 2247 1717 2294 eluctata,-

265 2315 429 2354 comites
446 2327 538 2354 mox
549 2314 688 2354 habuit
698 2314 900 2354 Juntinam
916 2325 956 2354 et
970 2314 1274 2366 Lugdunensem
1291 2311 1536 2364 Carpentarii
1547 2313 1639 2362 (151
1650 2313 1718 2360 1.),

264 2380 387 2418 cessit
416 2386 545 2418 tamen
580 2380 634 2420 ,ab
663 2393 727 2419 an.
748 2381 864 2419 1550.
886 2378 1041 2418 Aldinae
1061 2379 1222 2430 juniori,
1245 2391 1276 2417 s.
1297 2377 1522 2424 Muretinae,
1549 2381 1590 2415 et
1608 2375 1720 2414 Hen-

265 2444 364 2482 rico-
349 2443 553 2492 -Petrinae,
572 2457 606 2484 s.
628 2444 775 2497 Georg.
809 2444 1000 2488 Fabricii;
1029 2457 1118 2496 quae
1153 2450 1320 2495 utraque
1355 2446 1540 2494 superata
1557 2453 1582 2479 a
1600 2440 1718 2480 Lam

265 2508 372 2555 bino,
392 2521 506 2548 novae
526 2509 656 2548 aetatis
677 2516 851 2548 auctore.

324 2573 423 2612 1501
455 2573 601 2612 Aldina
622 2586 653 2613 1.
683 2574 734 2618 Q.
753 2572 907 2612 Horatii
947 2572 1078 2612 Flacci
1117 2573 1314 2626 poemata,
1350 2571 1390 2609 in
1424 2570 1566 2622 quibus
1594 2541 1720 2607 multa

265 2645 445 2675 correcta
465 2645 572 2684 sunt,
592 2646 632 2677 et
650 2638 930 2686 institutiones,
952 2637 1034 2676 suis
1055 2637 1152 2676 locis
1173 2637 1327 2689 positae,
1352 2633 1720 2675 commentariorum

266 2700 559 2752 quodammodo
579 2703 664 2742 vice
694 2701 937 2755 funguntur:
966 2715 1014 2741 ex
1043 2701 1311 2754 recognitione
1332 2700 1443 2747 Aldi,
1465 2712 1554 2738 cum
1575 2703 1717 2736 metro-

266 2777 351 2803 rum
371 2765 578 2816 generibus
599 2775 639 2806 et
655 2767 997 2811 annotationibus:
1024 2766 1137 2819 'apud
1157 2765 1302 2806 Aldum
1321 2773 1361 2805 et
1376 2763 1500 2804 Andr.
1514 2763 1717 2801 Socerum.

203 2828 205 2830 ’
265 2828 405 2869 Venet.
427 2831 464 2868 8.
