1858 3184
532 264 596 294 nn
635 264 682 307 Q.
723 261 945 293 uorum-ro
986 260 1188 292 nAccO.
1464 249 1579 292 1937

197 361 244 400 In
266 362 420 402 satiras
436 363 522 402 Jac.
542 359 705 412 Cruquii
734 365 838 398 notoe
856 370 1014 397 excusae
1033 356 1242 407 separatim
1263 357 1300 394 8.
1320 367 1382 407 ap.
1404 355 1578 396 Plantin.

141 425 239 464 Julii
255 426 402 466 Aurelii
433 424 630 465 Haurecbi
664 422 966 463 commentarius
998 420 1038 459 in
1059 419 1209 458 Satiras
1241 418 1342 457 duas
1376 417 1580 470 primores,

144 490 264 529 Antv.
292 492 406 530 1541.
430 493 469 529 8.
504 489 550 530 P.
572 487 716 527 oudini
734 488 772 526 in
794 485 959 525 Satiram
977 485 1014 524 6.
1032 483 1099 522 lib.
1120 497 1152 522 1.
1171 483 1209 522 J.
1228 483 1268 522 J.
1289 482 1483 522 Mascovii
1514 495 1582 522 ex-

144 553 271 593 ercitt.
291 567 343 594 u.
361 555 402 593 in
419 555 514 593 Hor.
530 553 694 599 Satiras,
716 551 821 602 Lips.
845 550 958 588 1714.
979 549 1056 587 &c.

200 617 246 655 In
285 618 391 658 Odas
418 624 459 657 et
494 616 658 669 Epodon
695 615 838 654 librum
862 614 904 652 J.
936 611 993 650 M.
1025 611 1184 658 Brutus,
1222 609 1358 650 Herm.
1404 608 1584 662 Figulus,

148 680 330 720 Francof.
349 682 465 720 1546.
484 683 525 720 4.
552 678 807 719 Bernhardin.
841 676 1090 723 Parthenius,
1120 674 1221 714 Ven.
1259 676 1375 712 1584.
1396 677 1435 714 4.
1478 673 1584 712 Phil.

147 743 408 796 Eugentinus,
424 745 466 783 J.
486 743 559 783 Th.
581 742 770 794 Freigius,
790 744 864 780 διο.
912 741 956 779 In
976 741 1044 780 lib.
1069 752 1099 778 1.
1121 738 1227 777 Odd.
1249 738 1344 776 Adr.
1362 738 1584 785 Turnebus,

146 806 272 848 Paris.
295 808 410 846 1577.
430 813 470 846 et
486 808 600 846 1586.
622 808 660 846 8.
692 820 770 845 una
798 819 889 844 cum
909 803 1190 843 animadverss.
1224 815 1273 841 ex
1305 801 1482 854 ejusdem
1503 801 1586 840 Ad-

143 882 266 910 versa.
284 870 325 909 in
344 871 450 910 varia
468 870 620 910 Horatii
638 869 741 917 loca,
759 870 940 921 notisque
961 868 1105 907 Mureti
1136 874 1176 906 et
1196 866 1363 905 Manutii
1389 866 1428 904 in
1446 866 1586 905 Horat.

147 932 277 972 Paulli
308 935 449 974 Franci
477 934 743 974 commentarii
775 933 979 972 Horatiani
1014 931 1256 983 praemetium
1277 932 1316 970 in
1339 944 1369 969 1.
1390 937 1431 969 et
1450 943 1504 970 11.
1540 930 1587 968 li·

144 997 257 1037 brurn
275 997 464 1046 Odarum,
485 999 666 1039 Francos.
701 997 751 1037 ad
778 997 966 1036 viadrum
1003 998 1120 1035 1521.
1146 997 1185 1035 8.
1233 996 1298 1035 Jo.
1319 994 1518 1034 Caesarius
1547 994 1587 1032 in

150 1059 261 1100 Odas
279 1062 441 1114 triginta
457 1063 557 1101 duas
576 1062 664 1101 libri
683 1061 809 1113 primi,
831 1061 947 1099 Rom.
973 1062 1089 1099 1566.
1137 1059 1360 1111 Hugolinus
1381 1058 1588 1098 Martellus

150 1123 381 1177 Episcopus,
400 1126 440 1164 in
459 1125 589 1164 Odam
606 1129 646 1164 2.
666 1125 752 1163 libri
772 1138 836 1163 xv.
858 1125 908 1162 de
929 1123 1088 1162 Pindari
1109 1122 1306 1168 laudibus,
1328 1123 1502 1162 Florent.
1523 1135 1589 1174 ap.

148 1187 307 1235 Juntas,
331 1190 448 1229 1579.
462 1191 502 1228 4.
531 1188 713 1227 Julianus
732 1187 913 1227 Aurelius
932 1186 1219 1238 Lessigniensis
1234 1186 1372 1237 Belga,
1401 1187 1439 1224 in
1458 1185 1590 1225 Odam

155 1253 191 1291 1.
211 1257 252 1291 et
265 1254 305 1291 2.
323 1264 412 1292 cum
422 1252 650 1304 paraphrasi
664 1251 890 1298 earundem,
910 1251 1029 1290 AntV.
1050 1251 1168 1290 1541.
1198 1249 1353 1288 Blasius
1366 1249 1591 1289 Bernardus

151 1313 202 1353 de
219 1314 400 1355 laudibus
431 1316 523 1354 vitoe
552 1315 710 1354 rusticae
730 1315 781 1353 ad
816 1313 968 1353 Horatii
991 1327 1043 1353 11.
1062 1312 1190 1365 Epod.
1213 1312 1388 1352 Florent.
1410 1314 1529 1352 1613.
1549 1315 1590 1352 4.

148 1377 276 1416 Aldus
303 1378 507 1417 Manutius
542 1378 593 1418 de
624 1378 762 1418 eodem
797 1383 1044 1430 argumento,
1073 1377 1214 1415 Venet.
1235 1382 1276 1415 et
1301 1377 1366 1416 Jo.
1386 1376 1595 1425 Westzim,

152 1440 333 1481 Francof.
357 1442 472 1482 1625.
494 1443 533 1481 8.
574 1442 663 1482 Jac.
684 1442 846 1494 Cruquii
866 1448 972 1480 notae
1004 1441 1043 1479 in
1064 1439 1231 1492 Epodon
1260 1439 1402 1479 librum
1432 1454 1591 1480 excusae

153 1505 361 1557 separatim
380 1506 485 1558 apud
504 1505 676 1546 Plantin.
695 1506 798 1547 Phil.
821 1505 932 1545 Bebii
951 1519 972 1544 e
990 1506 1082 1544 Soc.
1103 1504 1201 1544 Jesu
1219 1505 1524 1545 commentarius
1552 1505 1592 1544 in

152 1567 291 1621 Lyrica
326 1569 479 1610 Horatii
514 1571 564 1609 ab
617 1571 875 1610 obscoenitate
911 1575 1142 1622 expurgata,
1185 1568 1327 1608 Colon.
1365 1570 1481 1609 1633.
1523 1570 1593 1609 fol.

152 1632 312 1672 Christii
328 1634 520 1673 Juventas
540 1634 698 1686 aquilae,
717 1634 768 1673 ad
782 1647 903 1673 carm.
925 1646 988 1672 1v.
1007 1634 1047 1671 4.
1078 1632 1184 1684 Lips.
1206 1634 1321 1685 1745.
1342 1633 1405 1670 01.
1422 1634 1596 1673 Messer·

153 1695 307 1736 sehmid
325 1697 376 1736 de
395 1697 537 1743 Genio,
570 1697 733 1736 Witteb.
757 1698 873 1735 1769.
904 1697 965 1735 01.
984 1696 1126 1735 Baueri
1156 1695 1325 1747 epistola
1358 1695 1407 1734 de
1443 1697 1597 1736 Horatii

153 1759 252 1800 locis
271 1760 485 1807 nonnullis,
504 1761 627 1799 Laub.
649 1761 767 1798 1770.
797 1760 860 1799 01.
879 1758 1089 1809 Brieglebii
1107 1759 1382 1810 Vorlesungen
1400 1760 1497 1799 iiber
1517 1760 1595 1800 den

155 1816 286 1861 Horaz
312 1825 447 1871 (carm.
469 1836 501 1861 1.
524 1824 658 1871 1-6.)
703 1823 859 1862 Altenb.
902 1823 1018 1861 1770.
1060 1821 1124 1860 01.
1157 1821 1382 1874 Haymanni
1414 1823 1596 1865 vindiciae

157 1884 255 1925 Hor.
277 1885 430 1924 advers.
459 1885 717 1931 Perraultum.
746 1885 890 1924 Dresd.
913 1887 1031 1925 1771.
1059 1885 1121 1923 01.
1143 1885 1281 1936 Degen
1315 1888 1513 1938 specimen
1531 1902 1597 1929 ur·

155 1948 339 1988 banitatis
356 1949 452 1987 Hor.
469 1949 631 2000 Erlang.
654 1950 770 1987 1774.
810 1948 872 1986 111.
893 1948 942 1988 0.
964 1949 1015 1987 H.
1028 1947 1217 1987 Schmidii
1235 1949 1439 2000 polemicae
1467 1951 1597 1993 Hora-

156 2011 274 2054 tianae
292 2011 506 2063 specimina
525 2024 566 2050 v.
586 2010 677 2050 inde
697 2011 746 2050 ab
764 2022 801 2049 a.
824 2011 943 2050 1776.
979 2010 1042 2049 01.
1058 2010 1288 2050 Haberland
1305 2012 1355 2052 de
1374 2026 1492 2054 carm.
1517 2029 1592 2057 111.

159 2075 198 2115 3.
215 2074 308 2115 Jen.
331 2077 447 2115 1775.
477 2075 540 2115 01.
560 2075 775 2128 Wideburg
794 2074 844 2115 de
863 2088 967 2115 nexu
987 2077 1028 2115 in
1046 2075 1134 2115 odis
1156 2076 1254 2116 Hor.
1274 2077 1326 2116 ib.
1345 2078 1436 2119 eod.

213 2139 372 2179 Canum
395 2139 594 2187 mantare,
622 2139 830 2193 separatim
849 2152 938 2179 cum
966 2139 1052 2179 aliis
1084 2139 1184 2179 Odis
1204 2140 1455 2192 quibusdam,
1474 2143 1597 2194 velut,

154 2201 196 2241 in
212 2201 352 2242 iisdem
379 2202 484 2242 ludis
520 2204 788 2250 saecularibus,
817 2203 1012 2243 distinctis
1042 2204 1282 2256 temporibus
1317 2205 1467 2245 dierum
1506 2221 1595 2247 cum

155 2263 236 2314 illo,
272 2266 380 2318 quod
404 2279 560 2306 carmen
587 2281 681 2307 saec.
711 2280 912 2317 vocamus,
952 2268 1186 2315 decantatis,
1219 2268 1343 2307 edidit
1376 2272 1449 2309 sub
1481 2272 1598 2310 titulo

159 2327 288 2369 Partis
306 2336 429 2370 sextae
456 2343 615 2382 operum
636 2331 802 2383 Horatii,
821 2345 870 2371 ex
889 2332 1161 2384 antiquissima
1190 2333 1416 2372 recensione
1449 2334 1599 2374 Sidonii

161 2392 291 2444 Apoll.
310 2394 442 2433 Carm.
463 2407 531 2434 nt.
556 2395 649 2433 218.
668 2407 702 2432 s.
732 2395 915 2448 notisque
943 2396 1028 2435 crit.
1065 2403 1106 2435 et
1129 2395 1267 2448 philol.
1300 2396 1509 2436 illustravit
1531 2398 1597 2438 Jo.

162 2454 250 2494 Pet.
268 2457 509 2504 Ambason,
535 2457 656 2496 Hafn.
678 2459 794 2497 1752.
815 2461 854 2497 8.
901 2460 1034 2499 Simile
1060 2460 1155 2511 quid
1184 2461 1223 2497 in
1243 2465 1411 2497 mentem
1441 2468 1600 2501 venerat

167 2522 259 2556 ante
277 2518 512 2564 Sanadono;
541 2520 622 2560 vid.
643 2520 860 2561 Gesnerum
879 2524 917 2562 in
937 2524 1047 2576 praef.
1065 2523 1116 2561 ad
1138 2523 1268 2561 Carm.
1295 2535 1389 2562 saec.
1409 2524 1519 2577 cujus
1532 2525 1599 2578 ju·

169 2579 313 2619 dicium
330 2580 379 2620 de
394 2594 441 2621 eo
459 2582 616 2622 invento
633 2585 856 2635 probamus.

221 2643 448 2696 Christoph.
460 2645 562 2696 Aug.
578 2645 798 2687 Heumanni
817 2650 998 2702 quaedam
1013 2649 1053 2687 in
1065 2648 1275 2687 Horatium
1290 2650 1596 2700 observationes,

166 2707 323 2747 insertae
340 2708 605 2749 Miscellaneis
625 2709 886 2764 Lipsiensibus
906 2712 1063 2752 Pezoldi
1090 2712 1137 2752 T.
1160 2725 1222 2751 1v.
1237 2725 1276 2765 p.
1299 2714 1387 2752 137.
1407 2727 1467 2768 sq.
1522 2717 1597 2756 His

163 2770 285 2823 junge
317 2771 400 2823 ejus
434 2772 605 2825 Parerga
629 2774 714 2814 crit.
732 2789 772 2828 p.
796 2779 887 2816 138.
907 2790 967 2828 sq.
988 2783 1028 2815 et
1059 2775 1229 2816 audaces
1257 2775 1363 2817 Galli
1393 2779 1598 2831 cujusdam

253 2846 364 2887 Delpk.
378 2850 409 2879 ee
428 2847 504 2879 Var.
521 2848 606 2880 Clas.
820 2851 937 2883 Horae.
1439 2849 1461 2885 6
1484 2853 1513 2883 H
