1858 3184
265 229 380 274 1892

265 334 397 367 cundo:
422 334 513 366 Utin
527 332 702 366 vertendis
716 333 850 365 Graecis
865 333 967 365 simus

265 385 378 424 liberi,
392 394 459 416 non
482 384 633 415 serviles.
676 383 817 415 Tertio:
842 383 898 415 Ne
920 383 969 414 ni-

265 436 329 468 mis
345 438 439 467 arcte
453 435 593 467 aliorum
611 434 764 474 vestigiis
778 443 838 465 nos
863 433 967 465 inclu-

266 485 398 518 damus.
444 485 602 517 Quarto:
628 484 683 515 Ne
708 483 807 516 nimis
837 484 967 516 tumido

265 540 302 568 et
316 534 434 567 inflate
448 534 648 574 incipiamus
659 542 717 564 seu
729 542 967 575 proponamus.

266 586 311 618 Id
338 585 427 627 quod
455 584 620 625 exemplis
641 583 771 616 duobus
786 585 966 616 contrariis

265 636 433 668 declarat.
455 635 615 667 Piscator.
671 635 820 677 Publica]
843 636 884 668 Id
901 642 967 676 est,

267 696 287 717 a
298 685 413 717 maltis
429 689 587 717 tractata.
618 685 699 716 Ilias
714 686 855 717 Homeri
871 687 966 728 quasi

266 735 402 776 publica
417 735 561 767 materia
576 739 640 767 est.
675 735 824 767 anneb.
842 745 923 767 xix.
934 739 967 768 9.

268 785 426 816 Nunnius.
455 785 584 816 Publica
598 785 761 825 materies]
778 785 967 826 Argumen-

266 839 339 867 tum
361 834 406 866 ab
431 835 497 866 alio
524 836 732 877 publicatum
761 836 814 867 vel
839 842 967 868 tracta-

267 890 340 918 tum
368 890 460 918 tuum
496 887 683 928 putabitur,
717 887 746 918 si
776 887 967 927 argumenti

268 941 400 969 tantum
431 939 580 979 speciem
608 937 750 978 referas,
777 936 966 970 non‘eti'am

265 988 398 1030 singula
429 988 623 1020 minutatim
660 989 886 1030 prosequaris.
929 989 969 1021 Si

267 1037 337 1069 Nec
360 1038 459 1078 circa]
480 1038 516 1070 si
543 1048 610 1070 non
626 1038 772 1070 haerebis
789 1039 823 1070 in
839 1040 968 1071 circulo

268 1087 425 1119 omnibus
455 1092 596 1128 patente
626 1092 662 1120 et
691 1092 905 1128 contempto,
934 1090 968 1120 id

267 1142 331 1178 est,
344 1138 476 1169 situum
495 1138 683 1178 authorem,
697 1147 798 1179 quem
814 1138 972 1179 imitaris,

267 1196 335 1219 non
348 1188 501 1230 sequeris
514 1188 562 1219 ita
578 1188 748 1228 religiose,
765 1192 804 1219 ut
819 1188 901 1220 nibil
915 1189 972 1219 ad·

268 1237 329 1270 das
337 1238 380 1270 de
397 1239 557 1280 tuo,nibil
574 1238 740 1279 invenias,
755 1239 837 1270 nihil
853 1238 970 1270 immu-

270 1292 335 1318 tes.
376 1301 380 1306 ³

311 1339 374 1368 132
391 1338 461 1368 Nec
474 1338 558 1369 eirca
569 1338 661 1369 vilem
673 1338 842 1370 moraberis
852 1338 970 1380 orbem]

267 1386 354 1418 Vilis
375 1391 412 1418 et
435 1388 571 1427 patulus
593 1388 683 1419 orbis
707 1392 761 1419 est
777 1389 915 1428 Cyclas,
938 1389 970 1419 in

268 1447 336 1479 quo
352 1437 490 1479 publica
505 1436 698 1468 fabularum
716 1447 756 1468 ac
773 1438 973 1479 Tragoedia·

269 1496 343 1518 rum
358 1487 520 1519 materies
536 1487 644 1518 veluti
659 1488 816 1528 exposita
830 1488 973 1520 cuilibet

268 1538 424 1578 patebat.
462 1537 550 1569 Inde
566 1537 707 1578 quisque
723 1538 878 1570 sumebat
889 1535 971 1580 qua-

269 1588 296 1618 si
324 1597 367 1619 ex
392 1587 531 1628 publico
569 1587 746 1619 materiam
781 1588 972 1620 scribendis

267 1638 477 1678 Tragoediis3
501 1647 601 1679 quam
618 1638 652 1668 in
670 1637 840 1678 privatum
854 1638 904 1669 sic
919 1647 973 1670 es-

269 1696 306 1719 se
332 1686 552 1718 tribuendam
578 1692 692 1718 monet
725 1687 903 1724 Horatius,
934 1692 973 1719 ut

268 1746 335 1769 non
360 1747 400 1768 eo
416 1736 518 1768 modo
535 1741 706 1768 tractetur
721 1741 757 1767 et
773 1736 890 1768 ordine
905 1746 974 1778 quo

268 1787 302 1819 in
326 1787 432 1828 Cyclo
451 1787 526 1827 ipso
541 1786 737 1825 deducitur,
762 1786 825 1817 boc
849 1791 914 1826 est,
941 1787 973 1818 in

214 1852 216 1855 >
270 1837 437 1878 poematis
451 1837 560 1878 Cycli.
599 1836 778 1868 Publicam
796 1837 973 1869 materiem

269 1887 374 1926 illam,
390 1896 466 1926 quae
484 1896 526 1916 ex
549 1886 655 1926 Cyclo
679 1887 822 1927 petitur,
848 1886 898 1918 ita
915 1886 973 1918 de·

269 1945 359 1966 mum
382 1934 537 1974 suijuris
557 1940 592 1965 et
616 1935 788 1975 propriam
803 1935 867 1966 sibi
883 1934 974 1967 fece-

270 1984 329 2023 rit,
347 1984 403 2024 qui
419 1993 485 2015 non
502 1984 593 2015 circa
615 1984 726 2024 ipsum
745 1984 885 2023 Cyclum
903 1994 972 2015 mo-

271 2034 428 2073 rabitur;
454 2033 554 2064 simili
577 2034 677 2064 modo
707 2039 743 2065 et
765 2034 884 2065 ordine
916 2044 971 2066 res

271 2088 436 2121 tractans,
465 2088 502 2113 ut
532 2083 579 2114 ibi
610 2083 778 2123 expositae
803 2084 972 2116 habentur

269 2133 342 2164 sine
358 2132 427 2163 ulla
443 2133 610 2163 varietate
628 2137 663 2164 et
678 2137 764 2164 arte.
802 2133 971 2174 Praecipit

271 2182 379 2223 igitur
400 2180 581 2221 μυθοποιΐαν
607 2186 751 2218 tantum,
782 2187 819 2214 et
845 2182 970 2215 fabulae

271 2230 414 2263 ὑπόθεσιν
438 2242 482 2263 ex
506 2232 612 2272 Cyclo
635 2232 856 2273 promendam
883 2243 972 2274 esse,

272 2292 349 2324 qnae
360 2282 564 2315 calamistris
583 2283 731 2323 propriis
747 2283 912 2315 inurenda
927 2284 973 2315 sit

273 2338 308 2364 et
324 2331 507 2365 ἐπεισοδίοις
533 2333 707 2370 varianda,
733 2338 770 2365 ut
789 2333 851 2364 boc
871 2333 973 2366 modo

273 2383 411 2425 publica
439 2383 544 2415 videri
571 2383 717 2421 desinat,
745 2384 779 2414 in
804 2384 972 2425 privatum

267 2433 326 2474 jus
357 2433 442 2465 scite
466 2433 642 2466 translata,
694 2434 780 2467 Quae
811 2443 893 2474 ergo
922 2442 973 2464 se-

274 2487 436 2524 quuntur,
460 2482 561 2515 fidem
582 2482 712 2515 faciunt
729 2483 908 2515 Horatium
926 2484 974 2515 lo·

274 2534 331 2574 qui
351 2534 394 2565 de
411 2534 533 2575 Cyclo:
562 2533 767 2575 nam‘pergit
782 2533 973 2575 improbare

274 2584 446 2615 scribendi
473 2594 600 2616 morem
628 2584 829 2624 modumque
853 2583 973 2615 Poeta-

274 2640 348 2662 rum
373 2633 611 2673 Cyclicorum:
633 2634 642 2651 ‘
657 2634 735 2665 Non
753 2634 802 2666 sic
818 2633 973 2674 incipies,

275 2687 312 2714 nt
340 2684 486 2724 scriptor
525 2686 696 2727 Cyclicus.
715 2684 819 2717 olim.’
862 2685 975 2726 Igitur

273 2733 284 2752 ⁴
296 2733 371 2764 vilis
387 2737 422 2764 et
439 2736 574 2773 patulus
591 2734 709 2774 orbis‚'
720 2734 825 2767 ἐπικὸς
841 2734 975 2776 Κύκλος,

275 2783 333 2826 qui
350 2792 418 2815 non
433 2784 502 2815 ulla
519 2785 644 2816 virtute
661 2785 795 2826 poetica
810 2787 972 2818 censeba-

727 240 872 271 No'rAE
906 237 1172 269 vAmortUM
1205 236 1259 266 IN

1019 336 1096 371 tur-3
1121 330 1181 362 sed
1201 330 1272 362 sola
1287 327 1478 362 fabularum
1494 329 1648 370 materia,
1665 339 1717 362 or-

1018 381 1112 422 dine,
1141 379 1455 420 commendabatur,
1480 388 1563 421 quas
1587 379 1656 412 late
1681 385 1717 411 et

1018 431 1095 464 fuse
1111 431 1320 473 exponebat.
1366 431 1454 463 Nam
1466 429 1718 462 fabulam-nae·

1020 483 1180 520 Graeciae,
1212 483 1254 514 ad
1289 482 1399 523 Trojae
1433 481 1646 514 eversionem
1682 485 1719 512 et

1018 533 1130 565 Itbaci
1153 533 1313 573 reditum,
1333 531 1546 572 continebat,
1558 540 1603 563 ex
1618 530 1720 569 variis,

1020 586 1138 618 Poetis
1153 587 1393 626 congregatas,
1407 592 1549 625 quornm
1566 581 1719 615 carmina

1019 637 1168 668 omnium
1190 635 1343 676 vulgaria
1363 634 1492 674 habita,
1506 632 1634 665 triviali
1650 641 1720 664 mon

1018 690 1099 718 net-a
1109 696 1287 728 percussa:
1303 685 1433 717 idcirco
1449 690 1459 704 ‘
1472 684 1574 716 vilem
1586 683 1596 698 '
1610 686 1722 716 vocati

1014 738 1154 771 Salmas.
1212 737 1278 768 Nec
1297 736 1381 767 circa
1406 736 1498 767 vilem
1523 734 1721 775 putidumque

1018 787 1188 821 moraberis
1202 786 1321 827 orbem]
1336 785 1427 819 Quid
1443 789 1496 817 est
1511 785 1624 818 orbis?
1638 784 1722 817 Om-

1020 848 1063 869 ne
1079 838 1162 869 illud
1181 836 1270 878 quod
1286 841 1339 868 est
1359 839 1487 878 praeter
1510 844 1582 866 rem
1597 834 1720 875 ipsam.

1021 888 1078 919 Ita
1105 887 1220 919 callidi
1246 887 1350 926 servi,
1371 887 1422 918 ait
1445 884 1664 924 Aristoteles,
1686 883 1721 915 in

1020 938 1150 970 delicto
1166 938 1278 979 aliquo
1293 937 1336 969 ab
1353 936 1443 968 beris
1457 934 1673 977 deprehensi,
1687 937 1723 965 et

1022 990 1064 1021 de
1088 999 1124 1021 re
1150 988 1366 1030 interrogati,
1387 986 1519 1027 λέγουσι
1539 985 1582 1018 τὰ
1605 983 1721 1024 κύκλῳ.

1020 1040 1146 1081 Cyclus
1168 1039 1258 1070 enim
1281 1038 1408 1078 Epicus
1422 1036 1504 1068 nihii
1530 1040 1606 1068 erat
1629 1033 1722 1066 aliud

1021 1099 1120 1131 quam
1150 1088 1338 1120 Poetarum
1361 1084 1622 1126 compendium;
1645 1084 1723 1120 sim—

1022 1139 1104 1180 plex
1124 1138 1197 1170 sine
1223 1137 1294 1183 ullo
1320 1139 1520 1168 ornamento
1536 1143 1578 1166 ae
1593 1133 1724 1175 digres-

1023 1189 1173 1220 sionibus
1200 1187 1361 1219 narratio.
1407 1185 1497 1218 Nam
1519 1183 1723 1216 contrahere

1023 1239 1161 1275 poetas,
1177 1243 1212 1270 et
1227 1247 1343 1270 eorum
1361 1235 1473 1276 orbes,
1489 1238 1528 1267 nt
1547 1233 1660 1266 Poeta
1673 1234 1724 1266 lo·

1023 1290 1219 1331 qnitnr,sen
1234 1287 1474 1328 digressiones,
1484 1285 1550 1317 hoe
1564 1284 1728 1326 esbepis-

1022 1340 1101 1371 odia
1122 1339 1313 1380 praecidere
1330 1347 1371 1369 ac
1389 1340 1580 1376 amputare,
1593 1334 1724 1376 Cyclicl

1021 1395 1097 1421 erat
1133 1389 1320 1431 proprium.

1019 1440 1029 1457 ‘
1041 1439 1193 1480 scriptor
1206 1435 1388 1479 Cyclicns:
1400 1435 1465 1476 (de
1481 1443 1547 1477 quo
1562 1434 1642 1476 quid
1654 1443 1723 1467 nou

1021 1489 1262 1530 excogitarunt
1278 1487 1370 1519 docti
1382 1486 1409 1524 ?)
1435 1495 1534 1527 qnam
1550 1485 1724 1517 Romanus

1022 1539 1149 1580 Epicns
1165 1538 1299 1579 aliquis,
1315 1537 1372 1578 qui
1387 1535 1574 1576 Trojannm
1596 1534 1724 1567 bellum

1022 1589 1065 1620 ab
1084 1589 1181 1620 initio
1199 1587 1275 1619 fuse
1291 1591 1365 1618 crat
1381 1590 1596 1626 persecutus.
1619 1584 1724 1616 Hein-

1020 1639 1095 1671 sius.
1141 1639 1210 1670 Nec
1232 1638 1317 1670 circa
1338 1636 1432 1668 vilem
1447 1636 1646 1676 patulumque
1660 1645 1725 1667 mo-

1021 1689 1141 1720 raberis
1155 1688 1273 1729 orbem]
1285 1688 1358 1719 Per
1368 1686 1472 1718 orbem
1485 1686 1626 1726 patulum
1643 1685 1723 1726 poe-

1022 1748 1079 1770 ma
1106 1738 1222 1771 κύκλος
1254 1738 1386 1769 dictum
1423 1735 1600 1776 intelligit,
1629 1734 1723 1776 quod

1023 1789 1173 1830 cyclicus
1196 1788 1252 1819 ille
1267 1788 1415 1828 scriptor
1426 1785 1470 1817 τὰ
1483 1785 1605 1817 ’Ima
1617 1783 1724 1825 κύκλῳ

1023 1839 1217 1879 scripserit,
1234 1837 1328 1879 quasi
1347 1846 1367 1867 a
1383 1835 1517 1877 gemino
1542 1843 1620 1874 ovo,
1641 1833 1726 1867 belli

1022 1889 1159 1929 'Pi-ojani
1191 1888 1322 1929 reliqua
1357 1886 1540 1924 καθολικῶς,
1570 1883 1726 1922 universe,

1023 1938 1268 1977 complectens.
1316 1937 1419 1967 Vitem
1442 1939 1556 1973 vocat,
1573 1934 1630 1974 qni
1648 1943 1725 1975 pro·

1015 1986 1105 2025 jecti
1118 1992 1171 2017 est
1191 1985 1292 2016 animi
1315 1983 1396 2015 κατὰ
1409 1982 1540 2023 πλάτος,
1554 1981 1607 2014 καὶ
1621 1994 1724 2022 παχυ-

1021 2037 1086 2067 λῶς
1110 2035 1247 2066 dicere:
1277 2033 1444 2076 quomodo
1471 2033 1723 2074 interpretatur

1022 2085 1209 2116 Ausonium
1236 2084 1308 2117 Jos.
1331 2083 1495 2124 Scaliger.
1519 2083 1563 2114 A.
1577 2082 1723 2117 Schotm.

1026 2134 1124 2165 Vilem
1144 2135 1359 2174 patulumque,
1382 2132 1454 2175 εμπ]
1477 2132 1590 2165 Vilem
1606 2133 1725 2174 appel-

1021 2184 1083 2223 lat,
1097 2185 1176 2226 quia
1186 2194 1253 2215 non
1267 2184 1379 2224 magni
1392 2188 1445 2215 est
1461 2182 1601 2224 ingenii,
1616 2186 1732 2215 totam<

1021 2235 1159 2266 alterius
1175 2234 1407 2265 inventionem
1425 2234 1533 2275 sequi.
1705 2239 1709 2242 ’

1064 2287 1127 2315 133
1141 2285 1208 2316 Nec
1217 2284 1342 2315 verbum
1355 2283 1446 2316 verbo
1458 2282 1583 2314 curabis
1595 2283 1724 2314 reddere

1010 2333 1102 2376 fidns
1118 2333 1290 2374 Inter-pres]
1310 2333 1477 2365 Horatius
1490 2333 1545 2364 hic
1559 2342 1627 2364 non
1639 2333 1723 2364 ailo·

1023 2383 1137 2424 quitur
1162 2384 1413 2424 Interpretem:
1439 2382 1499 2414 sed
1526 2391 1603 2414 eum
1620 2391 1722 2423 quem

1024 2433 1186 2474 instituit,
1213 2439 1340 2474 monet,
1363 2434 1419 2473 ne,
1443 2442 1507 2464 cen
1527 2430 1588 2463 fidi
1607 2431 1722 2464 Inter-

1024 2477 1132 2525 pretis
1160 2482 1272 2516 officio
1299 2483 1395 2524 fungi
1422 2482 1551 2522 volens,
1577 2479 1723 2513 reddero

1023 2534 1163 2566 verbum
1179 2535 1283 2566 verbo
1300 2537 1410 2566 curet.
1428 2532 1535 2573 Steph.
1572 2531 1719 2563 Necte·-

1024 2585 1093 2616 bum
1119 2585 1224 2628 verbo]
1249 2585 1285 2617 Si
1309 2595 1374 2616 non
1403 2583 1558 2616 studebis
1578 2586 1618 2614 ut
1631 2581 1720 2617 fidu·

1024 2635 1212 2676 Interpres,
1228 2639 1400 2667 auctorem
1417 2637 1523 2673 taum,
1532 2640 1634 2674 quem
1642 2630 1718 2663 imi-

1023 2685 1164 2716 tandum
1197 2685 1261 2717 tibi
1298 2683 1520 2726 proposuisti,
1545 2677 1718 2714 'verbatim

1021 2735 1225 2776 exprimere.

1067 2787 1129 2817 134
1153 2786 1220 2818 Nec
1233 2785 1356 2817 drewes
1375 2783 1517 2815 imitator
1531 2782 1566 2814 in
1582 2777 1718 2818 aratam]

1377 1386 1500 1427 Neque
1545 1384 1630 1416 alius
1671 1388 1725 1416 est
1772 1417 1774 1419 ,
