1858 3184
268 212 381 256 1874

278 315 404 348 ibellus
418 315 506 347 hunc
523 314 660 347 Horatii
676 316 788 348 locum
802 316 966 357 illustrat,

266 366 458 408 presertim
474 375 551 397 eum
565 371 601 398 et
615 366 699 398 alias
726 367 964 399 similitudines

267 416 445 456 adjungit3
467 426 532 448 nec
545 417 647 448 ullum
672 417 750 448 liuic
772 418 861 449 malo
885 427 963 449 con-

266 466 461 498 venientius
478 467 663 498 remedium
678 470 848 508 est‚quam
865 467 966 498 animi

266 516 420 547 morbum
444 525 518 547 esse
541 515 698 555 credere,
725 517 837 556 iuopia
859 517 966 556 magis

267 575 369 606 quam
378 565 479 605 copia
488 566 687 597 sanandum.
707 567 849 598 Tor-rent.
871 567 966 607 Lym-

264 615 353 656 pkae]
373 615 495 656 Aquae.

327 667 390 697 147
419 665 594 706 Narrare-³]
638 666 839 699 Remedium
878 666 967 708 peti-

268 719 379 747 turus.
672 716 673 719 ’

321 767 382 796 150
403 764 536 807 Levius]
559 765 690 799 Sanius.
727 765 883 807 Fugeres]
901 765 966 797 Fu·

267 823 349 856 gere
364 812 478 847 velles.

311 868 374 898 152
398 865 493 906 Rem]
517 865 679 899 Divitias.

310 919 373 948 154
392 917 521 948 Plenior
531 917 580 958 es]
599 917 820 958 Locupletior
835 926 882 948 es.
900 917 971 948 Mo·

266 966 439 1008 nitoribus]
455 967 653 1007 Opulentiae
670 967 918 999 laudatoribus.

311 1019 376 1048 156
392 1017 546 1057 Ruberes]
569 1017 798 1050 Erubeseeres
813 1022 851 1049 et
871 1022 972 1058 turpe

270 1066 335 1099 tibi
351 1076 425 1098 esse
439 1072 594 1106 putares,
609 1067 636 1097 si
652 1067 743 1107 quis,
758 1068 823 1098 &c.

298 1118 375 1155 ,168
391 1116 428 1147 Si
441 1116 600 1156 proprium
613 1117 676 1157 est]
704 1116 870 1148 Ostendit
884 1116 967 1147 nihil

267 1166 403 1197 omnino
417 1166 470 1196 vel
485 1165 675 1206 emptione,
691 1166 745 1196 vel
761 1166 971 1207 usucapione

268 1215 425 1256 cuiquam
438 1224 512 1246 esse
522 1215 710 1256 proprium,
723 1225 787 1247 nec
796 1216 965 1256 mancipa-

267 1265 374 1306 tione,
398 1265 452 1295 vel
475 1266 683 1305 usucapione
706 1275 792 1305 opus
817 1275 905 1305 esse,
931 1270 969 1297 ut

261 1314 418 1354 jucunde
435 1314 540 1346 vivas.
576 1314 676 1346 Libra
694 1319 848 1346 mercatus
866 1319 897 1346 et
912 1315 967 1346 hoc

267 1362 331 1402 est]
353 1362 409 1394 Ita
424 1363 531 1394 nostri
553 1373 690 1405 quoque
712 1365 870 1403 codices3
895 1366 967 1395 vul-

268 1417 348 1453 gata
365 1412 470 1444 lectio
491 1416 699 1455 mercatur-*et
723 1423 806 1445 oere:
830 1413 966 1455 quidam

265 1463 384 1503 etiam,
406 1472 581 1494 mercamur
594 1467 626 1495 et
641 1473 714 1495 aere.
737 1464 835 1494 Torr.
870 1463 968 1494 Libra

266 1514 441 1554 mercatur]
457 1514 570 1545 Librae
587 1513 734 1553 pretium
748 1512 968 1554 appendeba-

267 1568 336 1603 tur,
362 1573 429 1595 non
454 1563 710 1595 numerabatur.
749 1563 910 1594 Mer-catus
937 1566 969 1594 et

267 1612 346 1653 ατε]
369 1613 506 1644 Iudicat
529 1618 641 1644 autem
666 1612 748 1643 nihil
773 1612 967 1654 quicquam,

267 1662 322 1692 vel
364 1662 550 1702 emptione,
578 1662 633 1692 vel
661 1661 871 1701 usucapione
899 1662 970 1693 cui·

269 1721 369 1752 quam
386 1721 462 1743 esse
485 1711 671 1752 proprium,
693 1715 730 1743 et
749 1711 894 1752 proinde
909 1721 972 1743 nos

268 1761 305 1802 in
320 1770 361 1792 eo
375 1761 448 1801 plus
469 1771 568 1803 aequo
595 1762 814 1801 stultescere,
834 1761 971 1803 quando

267 1811 366 1843 nobis
382 1811 415 1842 id
434 1811 607 1852 proprium
621 1811 790 1851 ducimus,
803 1811 894 1853 quod
911 1813 971 1843 ali·

269 1861 363 1892 enari
381 1868 417 1892 et
431 1861 573 1893 alterius
589 1870 663 1892 esse
681 1865 809 1901 potest.
828 1861 927 1902 Cruq.

313 1913 376 1942 159
390 1911 553 1948 Quoednm,
569 1911 598 1941 si
612 1911 712 1941 credis
727 1910 888 1949 consultis]
905 1911 971 1942 Or-

269 1960 314 1991 do
333 1964 407 1990 est:
432 1960 523 1990 Usus
547 1960 703 2000 quedam
730 1960 917 2000 mancipat,
945 1960 972 1990 si

269 2010 383 2043 credis
397 2009 668 2042 Jurisconsultis.
698 2010 872 2050 Consultis]
892 2010 972 2041 Con-

267 2061 345 2092 sulti
360 2060 461 2091 iidem
479 2060 585 2101 quiet
601 2059 788 2100 prudentes
807 2069 866 2099 per
879 2064 973 2090 anto·

269 2110 467 2146 nomasium,
479 2119 541 2151 pro
556 2109 787 2150 Jurisperitis,
797 2114 909 2141 utnon
922 2119 974 2141 se-

269 2162 338 2193 mel
368 2166 448 2192 ante
483 2160 641 2192 diximus.
687 2160 854 2200 Mancipat
885 2159 974 2200 usus]

274 2212 355 2243 Usus
369 2212 457 2242 inter
471 2211 536 2242 alia
549 2211 639 2251 apud
653 2210 761 2243 JCtos
778 2210 881 2241 etiam
897 2220 973 2250 pos·

271 2262 458 2295 sessionem
484 2260 666 2301 significat,
697 2264 733 2291 et
760 2258 973 2301 ‘mancipio'

271 2313 343 2343 sive
357 2312 367 2328 ‘
381 2309 549 2350 dominio'
572 2319 612 2341 ac
637 2312 646 2327 ‘
662 2309 863 2351 proprietati
878 2308 886 2321 '
913 2319 973 2350 op-

271 2361 432 2402 ponitur:
456 2369 577 2401 nempe
594 2369 671 2391 cum
686 2369 722 2390 re
736 2359 850 2400 aliqua
866 2359 973 2390 veluti

271 2411 378 2443 fundo
393 2411 520 2442 utimur
531 2409 681 2452 quidem,
691 2418 754 2440 nec
770 2415 880 2440 tamen
892 2418 972 2440 vere

272 2461 397 2493 domini
426 2470 554 2501 sumus,
581 2464 617 2491 at
642 2459 856 2490 nihilominus
887 2462 971 2489 tam-

273 2522 371 2553 quam
396 2510 523 2543 domini
553 2510 776 2552 possidemus,
798 2509 832 2540 in
861 2518 971 2550 eaque

274 2562 486 2601 possessione
517 2571 537 2591 a
567 2564 716 2602 praetore
743 2558 971 2599 defendimur,

274 2612 383 2642 donec
400 2604 484 2642 alius
501 2611 656 2643 evicerit.
686 2609 797 2651 Atque
809 2610 858 2641 ita
871 2609 971 2641 iutel-

274 2660 447 2701 ligendum
465 2660 547 2692 illud
572 2661 622 2692 M.
639 2659 733 2691 Curii
751 2659 861 2700 Epist.
878 2659 970 2690 Fam.

273 2711 336 2742 lib.
352 2719 418 2742 vn.
439 2711 449 2728 ‘
464 2711 543 2742 Sum
568 2710 656 2742 enim
679 2709 791 2751 χρήσει
806 2709 865 2749 μὲν
885 2713 975 2745 tuus.

275 2754 383 2797 urbm
407 2758 439 2790 δὲ
455 2759 564 2791 Attici
587 2761 717 2792 nostri:
741 2770 822 2802 ergo
844 2759 975 2791 fructus

278 2815 334 2842 est
348 2815 440 2851 tuus,
466 2810 674 2851 mancipium
692 2810 781 2842 illius
797 2810 819 2842 ε’
845 2810 899 2842 cui
917 2819 971 2842 re-

731 222 871 254 No'rAE
907 220 1172 254 vAmoRuM
1208 222 1260 253 ΙΝ

1019 316 1192 358 spondens
1219 316 1343 349 Cicero
1357 326 1367 348 ε
1382 315 1574 357 ‘Quanam’
1596 317 1717 360 inquit,

1019 372 1029 386 ‘
1039 367 1148 400 Attici
1167 372 1201 399 te
1215 367 1389 408 proprium
1403 376 1479 409 esse
1492 367 1611 401 scribis
1625 378 1716 401 man-

1020 419 1111 459 cipio
1134 423 1170 449 et
1192 428 1294 457 nexu,
1318 427 1428 449 meum
1451 421 1564 449 autem
1587 426 1651 449 usu
1680 423 1717 450 et

1019 467 1154 506 fructu3
1176 473 1359 500 contentus
1375 468 1443 499 isto
1458 477 1553 499 sum:
1578 467 1612 498 id
1628 467 1718 499 enim

1020 521 1185 561 cujusque
1208 524 1262 550 est
1284 519 1472 560 proprium,
1487 528 1554 560 qno
1575 519 1717 565 quisque

1020 568 1146 601 fruitur
1176 574 1277 611 atque
1307 568 1439 601 utitur?
1483 568 1615 602 Quibus
1637 578 1719 600 sane

1021 619 1133 651 verbis
1151 619 1239 650 idem
1265 619 1350 650 dicit
1372 618 1463 660 quod
1485 618 1541 650 bic
1564 618 1719 659 pluribus

1020 669 1196 701 Horatius.
1219 669 1328 700 Recte
1338 668 1443 709 igitur
1454 667 1629 708 Horatius,
1636 677 1721 703 mua-

1019 720 1103 760 cipat
1125 729 1208 756 usus,
1233 729 1293 760 pro
1316 719 1440 750 alienat
1462 718 1534 750 sive
1558 718 1591 749 in
1615 718 1718 749 alium

1020 768 1193 801 transfert.
1230 774 1239 788 ¹
1254 766 1537 808 Mancipationis’
1553 767 1644 799 enim
1662 777 1721 799 vo-

1021 819 1144 851 cabulo
1157 829 1224 851 non
1241 819 1348 851 solum
1365 827 1426 859 pro
1442 817 1636 849 venditione
1657 828 1720 859 per

1022 878 1069 900 ωε
1084 874 1121 900 et
1133 869 1265 908 libram,
1275 868 1333 900 sed
1347 867 1554 908 generaliter
1567 877 1629 908 pro
1641 877 1721 909 qna-

1022 927 1166 959 cumque
1177 918 1383 949 alienatione
1396 922 1552 949 auctores
1565 917 1617 948 nsi
1628 922 1722 948 sunt:

1021 968 1124 1004 unde,
1140 970 1150 986 ‘
1162 968 1332 1009 mancipio
1345 967 1439 1006 dare,
1440 967 1450 981 '
1464 969 1474 986 ‘
1484 967 1654 1008 mancipio
1664 976 1720 998 ae-

1022 1017 1150 1059 cipere.
1153 1017 1324 1049 ’Tm-rm
1361 1017 1525 1058 Mancipat
1533 1017 1623 1058 usus]
1641 1016 1721 1049 Effi-

1022 1067 1069 1099 cit
1085 1077 1164 1099 usus
1179 1067 1334 1108 qnaedam
1355 1067 1509 1106 propria.

1066 1119 1130 1148 160
1150 1117 1282 1148 Villicus
1293 1115 1388 1156 Orbi]
1404 1115 1585 1157 Proprium
1599 1125 1722 1149 nomen

1022 1164 1139 1197 divitis
1165 1165 1308 1206 alicujus
1324 1164 1486 1196 vendat-is
1502 1165 1608 1205 tnagis
1620 1175 1722 1207 qnam

1023 1216 1160 1248 emacis.
1203 1216 1251 1248 Et
1267 1215 1435 1257 Cruquins
1451 1225 1514 1256 per
1529 1214 1721 1256 Apocopen

1023 1266 1096 1296 vult
1113 1265 1194 1296 Orbi
1206 1265 1273 1296 dici
1290 1274 1351 1305 pro
1367 1264 1480 1296 Orbii.
1498 1266 1588 1296 Torr.
1626 1265 1722 1306 Orbi]

1023 1314 1153 1353 Orbus,
1167 1319 1222 1346 est
1237 1323 1359 1345 nomen
1377 1314 1562 1355 proprium.

1065 1367 1125 1396 161
1142 1365 1220 1395 Cum
1229 1367 1346 1408 segetes
1357 1363 1458 1404 occat]
1473 1363 1566 1396 Sata’
1577 1364 1721 1405 primum

1021 1419 1196 1450 occantur,
1208 1415 1285 1446 dein
1303 1415 1506 1451 sarriuntur,
1522 1423 1561 1445 ac
1576 1413 1721 1456 denique
1770 1414 1773 1416 ’

1022 1468 1208 1496 runcantur
1238 1469 1387 1506 segetes.
1419 1466 1566 1496 Tor-rent.
1612 1465 1724 1501 Occat,

1022 1514 1082 1545 tihi
1095 1515 1182 1556 mox]
1203 1514 1352 1553 Occare,
1363 1519 1418 1546 est
1434 1524 1550 1546 semen
1567 1524 1721 1555 sparsum

1023 1568 1115 1595 terra
1132 1564 1266 1604 operire
1281 1563 1400 1596 fractis
1413 1563 1531 1605 glebis.
1561 1563 1723 1604 naturus]

1021 1614 1163 1645 Mallem
1185 1616 1335 1652 daturam
1358 1619 1494 1654 segetes
1517 1613 1661 1653 scilicet,
1685 1618 1723 1644 ut

1023 1664 1056 1694 in
1075 1673 1142 1695 uno
1158 1669 1260 1705 atque
1277 1665 1386 1695 altero
1405 1664 1488 1695 Μαι.
1512 1663 1585 1695 baec
1609 1669 1722 1694 autem

1024 1713 1179 1745 subtilius
1194 1713 1356 1745 dicuntur
1369 1723 1390 1745 a
1405 1713 1528 1754 Poeta,
1543 1715 1644 1755 qn'am
1667 1723 1723 1745 ve-

1025 1762 1105 1793 rius.
1130 1763 1275 1795 Torreat.

1069 1813 1132 1843 162
1156 1812 1199 1843 Te
1222 1812 1379 1843 dominum
1403 1812 1516 1853 sentit]
1538 1808 1723 1844 Dominum

1024 1860 1134 1899 fundi,
1149 1862 1244 1902 cujus
1260 1860 1378 1902 fruges
1393 1862 1490 1894 emis.

1068 1913 1130 1941 163
1149 1911 1284 1951 Temeti]
1302 1911 1432 1942 Cadum
1449 1910 1534 1942 vini.

1070 1962 1139 1990 166
1161 1960 1248 1995 Quid
1277 1960 1390 2000 refert]
1429 1961 1520 1992 Quid
1567 1959 1724 2000 interest,

1027 2011 1139 2039 utrum
1156 2009 1247 2039 vivas
1263 2018 1306 2040 ex
1324 2010 1434 2049 pretio
1450 2018 1512 2049 per
1531 2013 1646 2050 partes
1663 2019 1723 2042 nu-

1025 2065 1171 2099 merato,
1198 2069 1239 2090 an
1261 2059 1354 2096 olim,
1377 2059 1411 2092 id
1425 2064 1480 2092 est
1494 2069 1538 2091 ex
1555 2060 1664 2101 pretio
1680 2061 1724 2092 si·

1026 2109 1096 2140 mul
1112 2108 1312 2139 numerato?

1071 2160 1132 2189 167
1147 2158 1271 2189 Aricini
1286 2158 1444 2200 quoniam]
1465 2158 1630 2191 Ostendit
1644 2167 1722 2197 cauf

1026 2218 1110 2244 sam,
1125 2209 1285 2240 cur·nil1il
1302 2210 1436 2240 intersit
1457 2210 1543 2241 inter
1561 2219 1652 2249 eum,
1665 2210 1724 2251 qui

1018 2259 1090 2300 jam
1107 2259 1185 2290 olim
1203 2268 1320 2300 agrum
1335 2260 1431 2296 emit,
1453 2260 1589 2301 quando
1607 2261 1640 2291 ei
1665 2269 1723 2291 ne·

1025 2314 1121 2340 cesse
1142 2314 1195 2341 est
1216 2309 1289 2350 ejus
1316 2308 1449 2343 fructm
1476 2309 1646 2341 redimere
1676 2309 1719 2340 ad

1022 2368 1119 2390 nsum
1133 2358 1223 2398 vitm,
1232 2363 1267 2390 et
1280 2368 1368 2394 enm,
1379 2351 1626 2400 quinumerata
1639 2367 1723 2399 quo·

1023 2408 1108 2440 tidie
1124 2408 1266 2449 pecunia
1281 2407 1422 2439 fundum
1443 2408 1608 2449 paul-tim
1624 2417 1721 2439 suum

1021 2457 1116 2490 facit.
1140 2459 1236 2500 Cruq.
1273 2458 1400 2490 Aricini
1410 2458 1577 2499 quondan]
1587 2458 1723 2498 Melius,

1023 2517 1098 2540 meo
1122 2508 1268 2549 judicio,
1297 2508 1375 2540 libii
1402 2513 1548 2549 veteres,
1578 2508 1722 2549 quonian·

1022 2567 1085 2599 pro
1099 2559 1263 2599 quondam.
1285 2559 1445 2591 Torrent.

1068 2611 1129 2640 168
1147 2608 1297 2645 Quamvis
1314 2609 1409 2639 alim
1427 2607 1535 2649 putat]
1557 2607 1722 2641 Quamvis

1027 2663 1126 2699 putat
1141 2669 1178 2690 se
1195 2659 1381 2700 proprium,
1396 2668 1462 2691 non
1477 2663 1630 2700 emptum
1653 2667 1719 2690 αε-

1026 2718 1109 2740 nare
1122 2710 1205 2740 olus.

1072 2761 1134 2790 170
1162 2759 1262 2800 Usque
1275 2757 1380 2798 mum]
1409 2757 1462 2789 Eo
1483 2765 1591 2798 usqne
1613 2764 1719 2788 suum.

1030 2810 1102 2848 Qua
1123 2810 1252 2850 populus
1274 2809 1378 2840 adsita
1390 2807 1500 2847 cerlis]
1523 2806 1600 2839 Qua
1614 2815 1721 2847 popu-
