1858 3184
243 205 354 248 1854
704 217 842 248 No'rAE

242 310 443 351 alloquitur:
460 316 645 352 notumque
663 312 815 343 omnibus
830 311 935 351 Apol-

242 360 344 391 linem
381 361 556 402 praecipua
588 362 807 393 veneratione
847 364 936 393 inter

243 409 324 442 deos
339 419 398 442 eos
413 411 489 446 coli,
505 421 588 452 quos
613 412 656 442 ab
678 411 863 442 avertendo
877 422 937 443 seu

242 461 510 502 averruncando,
534 466 570 492 ut
594 466 728 492 veteres
754 462 935 503 loqueban-

242 517 310 547 tur,
337 511 453 542 Graeci
478 520 611 551 quoque
632 510 855 551 ἀποτροπαίους
876 522 935 553 ap·

241 562 432 602 pellarunt:
455 565 492 591 et
519 569 654 592 carmen
681 572 746 603 quo
771 563 804 594 id
832 563 936 595 fiebat

240 611 461 650 ἄποτροπαῖον.
489 611 633 642 Torrent-

286 663 346 691 187
363 660 557 701 Locupletem
564 660 715 701 frugibus
725 662 853 704 annum]
869 662 936 695 An-

240 719 320 741 num
337 709 491 750 frugibus
507 711 748 743 abundantem.

284 762 346 791 138
371 759 541 791 placantur
558 761 685 802 Manes]
707 762 763 793 Ne
779 765 938 806 noceant.-

283 812 346 841 189
367 809 527 849 Agricolae
541 811 654 852 prisci]
670 812 806 843 Transit
822 812 866 843 ab
880 821 935 843 ur·

239 861 335 893 banis
361 861 404 892 ad
431 861 598 901 agricolas
625 862 728 902 prisci
758 863 935 902 temporis,

238 912 295 953 qui
312 916 347 943 et
362 911 449 942 ruris
466 911 596 942 labores
611 911 760 943 carmine
779 911 935 942 solaban-

239 966 309 1000 tur,
322 965 358 992 et
381 970 471 997 nunc
492 961 665 1001 perceptis
680 960 834 1001 frugibus
851 962 934 1002 laeti,

239 1010 400 1050 ludendo,
424 1011 591 1050 canendo,
611 1010 688 1042 Diis
714 1020 810 1043 sacra
832 1010 936 1042 facie-

238 1061 339 1092 bant:
364 1061 438 1092 haec
459 1066 572 1092 autem
595 1060 762 1100 digressio
784 1060 937 1100 pertinet

239 1110 283 1142 ad
313 1111 477 1150 originem
517 1109 750 1141 deducendam
788 1110 935 1150 autiquae

239 1160 427 1191 comoediae.
466 1159 565 1199 (Ἰν-νᾳ.
636 1159 752 1191 Fortes
784 1168 937 1200 parvoque

238 1210 335 1251 beati]
370 1211 426 1242 Sic
455 1210 638 1251 Virgilius:
683 1210 693 1227 ‘
720 1209 770 1241 At
802 1210 935 1251 patiens

239 1269 382 1301 operum
399 1269 571 1300 parvoque
596 1264 732 1290 assueta
750 1258 937 1299 juventus!

241 1311 383 1341 Torrent-
422 1309 550 1348 Fortes]
569 1308 737 1349 Agricolae
755 1309 883 1340 robusti
898 1315 935 1340 et

181 1386 187 1397 ;
238 1359 358 1400 paucis
373 1358 538 1389 contenti.

281 1410 343 1439 140
375 1408 510 1438 Condita
536 1410 605 1447 poet
627 1406 807 1447 frumenta]
839 1407 934 1438 Tunc

237 1457 325 1488 enim
362 1457 544 1497 praecipnae
584 1457 787 1488 rusticorum
826 1455 933 1492 feriae,

237 1516 314 1538 cum
341 1506 466 1537 oblatis
496 1506 568 1537 Diis
596 1516 712 1538 eorum
738 1506 934 1538 auctoribus

236 1555 371 1596 frugum
384 1556 542 1596 primitiis
558 1557 627 1587 laeti
642 1556 810 1595 otiantur;
828 1560 934 1596 utque

237 1606 421 1637 Poetarum
445 1606 606 1646 princeps
628 1606 739 1637 canit:
768 1606 778 1623 ‘
796 1606 933 1637 Mutua-

236 1665 302 1697 que
333 1656 422 1686 inter
446 1665 482 1686 se
499 1656 582 1687 *laeti
608 1655 763 1686 convivia
789 1659 932 1686 curant:

236 1705 369 1737 Invitat
385 1705 540 1736 Genialis
562 1705 670 1735 hiems
691 1713 858 1745 curasque
882 1713 934 1735 re-

237 1754 363 1787 solvit.'
421 1754 531 1786 Quem
568 1754 678 1784 locum
707 1752 807 1783 vide:
843 1752 934 1783 idem

237 1806 327 1837 enim
354 1810 592 1845 argumentum
618 1807 745 1834 tractat
769 1802 859 1843 quod
877 1802 933 1834 hic

237 1854 413 1887 Horatius.
430 1855 572 1884 Torrent.
603 1853 737 1884 Condita
748 1852 834 1892 post]
849 1852 934 1882 Post

237 1913 395 1935 messem.
437 1901 607 1940 Levantes]
632 1902 765 1941 Corpus
782 1902 932 1932 relevan-

238 1959 303 1985 tes.

281 2005 340 2034 141
354 2001 506 2043 Spefim's
520 2001 614 2041 dura]
630 2000 715 2041 Spes
728 1999 812 2031 fines
827 2000 931 2040 ipsius

236 2052 375 2084 laboris.

280 2103 342 2132 142
377 2100 456 2130 Cum
483 2098 575 2130 sociis
602 2107 726 2138 operum
752 2101 783 2129 et
809 2098 929 2139 pueris]

236 2151 414 2183 Particula
426 2153 468 2185 et,
484 2149 581 2180 deest
602 2149 635 2179 in
657 2157 718 2179 sex
733 2148 856 2180 nostris
872 2158 930 2179 ex-

237 2200 465 2241 emplaribus:
488 2204 583 2230 recte
611 2198 646 2229 ni
675 2197 787 2230 fallor.
841 2199 931 2230 Socii

237 2251 327 2282 enim
343 2258 482 2290 operum
504 2248 569 2289 ipsi
593 2248 690 2289 pueri
705 2253 742 2279 et
757 2248 930 2290 conjuges,

238 2301 433 2341 priusquam
464 2307 542 2329 rura
563 2297 757 2338 ergastulis,
779 2298 842 2329 hoc
865 2303 931 2333 est,

237 2348 452 2391 nequissimis
481 2347 600 2388 servis,
627 2348 680 2378 vel
710 2347 817 2378 iuvita
841 2348 930 2379 cole-

236 2404 367 2431 rentur.
394 2399 536 2429 Torreat.
592 2417 597 2420 -
772 2433 774 2435 ‚

281 2452 342 2481 143
368 2449 520 2481 Tellurem
541 2446 647 2489 porco]
669 2447 745 2479 Duo
766 2457 809 2478 ex
824 2448 931 2479 multo

237 2499 390 2539 pluribus
407 2497 492 2528 ruris
517 2497 654 2528 numina
668 2501 836 2535 recenset,
861 2497 930 2527 Tel·

237 2550 334 2579 larem
357 2547 428 2578 sive
455 2548 464 2564 ‘
479 2545 664 2585 Cererem‚’
691 2550 750 2577 aut
773 2547 784 2564 ⁴
801 2545 931 2586 Opem'

237 2598 353 2635 etiam,
367 2597 437 2627 sive
452 2598 461 2614 ‘
474 2597 603 2628 Bonam
617 2595 744 2628 Deam’
757 2604 798 2627 ac
812 2597 822 2613 ‘
835 2596 932 2636 Mag·

237 2656 314 2678 nam
333 2651 473 2676 matrem
484 2646 493 2659 ’
508 2647 682 2687 appellare
697 2646 822 2684 mavis;
838 2646 931 2686 cujus

237 2695 403 2728 beneficio
430 2694 546 2736 fruges
567 2697 790 2736 proveniunt;
812 2698 848 2727 et
866 2695 931 2728 Sil-

237 2754 362 2784 vanum,
383 2744 441 2785 qui
463 2745 628 2786 cujusque
659 2745 729 2786 agri
763 2745 846 2778 fines
879 2750 933 2777 tu-

876 218 1138 250 VARIORUM
1173 221 1224 251 ΙΝ

987 315 1051 344 tari
1075 315 1294 345 crederetur:
1317 312 1454 345 additur
1471 314 1603 356 Genius,
1621 325 1679 348 cu-

980 365 1036 405 jus
1059 366 1220 405 peculiari
1243 364 1355 396 tutela
1371 365 1526 396 dominus
1545 366 1618 407 ipse
1638 377 1679 398 ac

985 414 1112 446 familia
1142 415 1334 455 regebatur.
1378 414 1506 445 Veram
1534 424 1610 446 cum
1637 415 1678 447 de

988 469 1090 500 terra,
1107 473 1207 504 quam
1229 464 1271 494 iis
1296 473 1372 505 quae
1396 463 1467 494 dixi
1490 463 1680 496 nominibus

986 513 1169 553 indigetari
1185 514 1243 549 ait,
1259 514 1401 554 loquens
1416 513 1613 545 Macrobcr.
1629 515 1681 546 12.

987 573 1124 604 porcam
1151 565 1181 595 ei
1209 564 1374 595 immolari
1396 563 1528 596 solitam
1554 563 1681 602 tradit;
1731 563 1736 568 '

985 613 1084 645 facile
1102 614 1176 654 quis
1192 614 1269 644 mihi
1288 613 1503 654 persuaserit,
1517 613 1582 645 hoc
1599 622 1681 654 qno·

986 674 1051 704 que
1068 665 1101 695 in
1118 664 1192 695 loco
1212 673 1305 704 porca
1321 663 1422 694 scribi
1439 662 1576 694 debere.
1620 661 1682 693 ni-

986 719 1076 745 serte
1093 714 1180 745 enim
1197 714 1345 754 optimus
1357 713 1415 744 ille
1428 717 1560 752 auctor,
1575 714 1585 730 ‘
1596 711 1684 751 Sus,'

985 763 1104 804 inquit,
1126 764 1136 780 ‘
1151 772 1332 803 praegnans
1353 763 1385 793 ei
1409 767 1592 801 mactatur,
1605 771 1681 803 quae

985 812 1095 844 hostia
1118 819 1171 844 est
1195 812 1332 853 propria
1353 810 1481 844 terrm?
1527 810 1680 842 Accedat

984 863 1110 895 Juven.
1131 862 1205 893 Sat.
1227 871 1268 893 ιι.
1300 861 1311 878 ‘
1327 860 1442 901 Atque
1472 860 1602 892 Bonam
1629 864 1680 891 te·

985 921 1076 943 nerae
1106 913 1244 953 placant
1274 911 1452 943 abdomine
1491 920 1603 951 porca
1633 911 1681 942 Et

985 970 1107 1002 magno
1126 967 1261 993 cratere
1278 962 1410 992 Deam.’
1453 959 1681 992 Nihilominus

985 1019 1114 1051 omnes,
1141 1020 1225 1052 quos
1249 1010 1330 1047 vidi,
1354 1009 1491 1042 codices
1517 1019 1609 1050 porco
1632 1010 1679 1040 le·

986 1064 1082 1100 gunt.
1124 1061 1214 1092 Sunt
1241 1060 1299 1101 qui
1325 1068 1466 1100 porcum
1494 1059 1680 1090 communis
1703 1071 1706 1075 ¹

985 1110 1063 1141 olim
1081 1111 1216 1150 generis
1233 1108 1338 1140 fuisse
1352 1108 1479 1140 dicunt.
1522 1107 1682 1149 Denique

987 1159 1031 1191 ab
1058 1160 1124 1191 boe
1150 1159 1287 1190 animali
1313 1158 1447 1190 initium
1470 1155 1682 1189 sacrificandi

985 1207 1115 1252 factum
1131 1218 1219 1249 esse,
1233 1213 1351 1245 auctor
1365 1213 1419 1240 est
1435 1207 1543 1239 Varro
1563 1207 1606 1238 de
1631 1207 1680 1239 Re

987 1258 1085 1292 Rust.
1110 1267 1150 1289 n.
1174 1261 1206 1289 4.
1232 1257 1519 1298 observatumque
1541 1255 1681 1288 feminei

985 1307 1119 1346 generis
1150 1307 1275 1338 hostias
1298 1307 1447 1347 potiores
1473 1305 1605 1337 habitas
1626 1304 1679 1336 fu-

985 1357 1070 1394 isse;
1095 1363 1133 1387 ut
1156 1357 1184 1387 si
1210 1365 1302 1387 mare
1327 1356 1462 1387 litatum
1488 1364 1554 1386 non
1577 1360 1679 1389 esset,

984 1405 1110 1437 femina
1124 1406 1263 1437 daretur
1282 1405 1497 1437 succidanea.
1533 1405 1679 1437 Turneb.

984 1465 1087 1487 xxvr.
1103 1459 1156 1488 24.
1181 1457 1323 1487 Torrent-
1367 1454 1486 1495 Porco]
1507 1455 1587 1491 Sue,
1602 1464 1679 1496 quae.

982 1505 1108 1537 Telluri
1125 1506 1362 1537 immolabatur
1373 1509 1516 1546 propter
1530 1505 1605 1545 ejus
1617 1503 1679 1536 foe-

984 1555 1206 1587 canditatem.
1266 1555 1429 1586 Silvanum
1461 1555 1540 1586 lacte
1575 1554 1680 1595 plam-

983 1605 1074 1646 bant]
1096 1606 1257 1637 Silvanum
1273 1609 1420 1636 tutorem
1442 1603 1558 1635 finium
1581 1608 1680 1635 vocat

985 1657 1096 1697 Epist.
1111 1665 1152 1687 11.
1176 1655 1220 1686 de
1244 1664 1311 1695 quo
1336 1659 1499 1696 quantum
1521 1653 1603 1684 satis
1627 1659 1680 1685 est

984 1705 1142 1742 diximus,
1159 1714 1216 1737 ιιι.
1233 1704 1302 1736 Od.
1314 1707 1368 1736 18.
1411 1705 1458 1736 Et
1472 1704 1526 1736 lac
1541 1703 1678 1745 quidem

985 1755 1018 1786 in
1044 1755 1242 1796 quotidiano
1271 1755 1474 1786 rusticorum
1505 1754 1678 1785 numinum

984 1804 1079 1835 cultu
1095 1809 1184 1842 erat,
1194 1804 1243 1835 uti
1258 1808 1296 1835 et
1311 1802 1443 1844 frugum
1454 1803 1562 1834 omnis
1574 1811 1679 1843 gene-

985 1853 1030 1884 ris
1050 1853 1208 1894 primitiae
1232 1862 1325 1894 saepe
1347 1852 1537 1893 promiscue
1559 1850 1678 1885 offere-

983 1903 1126 1941 bantur;
1160 1908 1197 1934 ut
1226 1913 1290 1933 uva
1318 1902 1468 1938 Silvano,
1498 1903 1573 1933 loco
1603 1902 1679 1943 Jam

983 1952 1075 1983 dicto
1085 1963 1095 1983 ι
1118 1952 1244 1992 alioqui
1261 1952 1446 1982 sollennem
1461 1950 1590 1982 Silvani
1604 1952 1678 1982 hos-

983 2002 1064 2033 tiam
1089 2007 1148 2032 aut
1171 2000 1314 2032 eandem
1335 2002 1413 2031 cnm'
1435 2000 1551 2032 Fauno
1571 1999 1679 2032 fnisse

982 2050 1198 2085 crediderim,
1226 2049 1361 2080 hoedum
1383 2049 1437 2080 vel
1455 2058 1590 2090 agnam,
1618 2055 1679 2082 aut

982 2104 1075 2131 certe
1116 2109 1266 2140 porcum.
1300 2099 1442 2130 Torreat.
1508 2098 1678 2140 Syloanum

982 2150 1076 2190 lacte]
1101 2149 1279 2181 Pastorum
1310 2150 1420 2180 Deum
1449 2149 1540 2180 lacte
1564 2149 1678 2190 placa-

984 2200 1076 2230 bant.
1648 2210 1651 2212 ’

1026 2250 1088 2279 144
1110 2247 1257 2278 Floribus
1269 2250 1300 2278 et
1313 2247 1386 2278 uino
1399 2246 1544 2288 genium]
1567 2247 1678 2280 Genio

981 2296 1261 2338 quemadmodum
1277 2301 1313 2328 et
1331 2297 1424 2336 Lari,
1436 2297 1516 2328 vino
1530 2295 1603 2328 fere
1619 2306 1677 2328 ve-

981 2352 1071 2378 teres
1089 2351 1124 2378 et
1139 2352 1213 2378 ture
1230 2351 1266 2378 et
1279 2345 1418 2378 floribus
1429 2345 1678 2386 supplicabant.

980 2397 1139 2428 Persius:
1153 2397 1163 2414 ‘
1174 2394 1292 2427 Funde
1308 2405 1437 2427 merum
1449 2394 1586 2427 Genio!
1617 2395 1676 2426 Ti-

982 2447 1061 2477 bull.
1083 2447 1093 2463 ⁸
1106 2446 1233 2486 Magne
1244 2444 1346 2485 Geni,
1357 2453 1442 2486 cape
1455 2449 1534 2476 tura
1544 2443 1678 2485 lubens,

981 2497 1134 2537 votisque
1163 2493 1303 2527 faveto.²
1357 2493 1483 2526 Juven.
1512 2494 1584 2525 Sat.
1606 2502 1675 2526 xn-

980 2546 990 2562 ‘
1008 2545 1216 2586 Laribusque
1233 2543 1387 2585 paternis
1400 2543 1494 2575 Tura
1506 2543 1608 2584 dabo,
1624 2548 1675 2576 st-

980 2604 1045 2636 quc
1075 2604 1191 2626 omnes
1221 2594 1319 2624 violae
1345 2592 1491 2634 jactabo
1520 2591 1678 2625 colores-²

979 2645 1047 2677 Sed
1076 2645 1188 2677 Genio
1217 2644 1290 2675 haec
1328 2646 1472 2675 tantum.
1528 2642 1673 2687 Laribus

980 2695 1080 2727 etiam
1096 2703 1232 2735 porcus,
1258 2697 1297 2724 ut
1317 2691 1445 2724 Maniae
1466 2700 1581 2723 eornm
1604 2701 1674 2724 ma-

983 2743 1035 2780 tri.
1050 2753 1166 2786 porca.
1185 2744 1328 2774 Tormt.
1364 2739 1514 2781 Genium]
1525 2740 1672 2772 Genium
