1858 3184
265 248 387 290 17767

265 350 610 391 militudinemgerit.
666 351 788 383 Pellem
813 352 959 393 latravit]

263 403 325 435 Its
334 402 486 444 loquitur
503 400 612 441 Epod.
631 410 666 433 v.
689 406 700 420 ‘
716 402 853 440 Senem,
868 403 958 443 quod

262 460 380 484 omnes
412 451 781 490 rideant‚·adulterum
816 453 958 484 Latrent

263 502 450 534 Suburanus
466 501 588 533 canes!
625 502 773 533 Turneb.
790 510 891 534 xxvi.
904 505 958 535 27.

263 553 404 583 Torrent.

306 605 347 634 67
371 600 512 641 Militat]
536 601 638 632 Feras
657 606 817 633 sectatur.
865 601 958 634 Num:

263 651 384 690 adhibe,
393 650 464 692 sym]
477 651 621 691 Percipe
634 651 862 691 Philosophiae
876 661 958 692 prae-

266 707 381 741 cepta.
433 700 553 732 Adhibe
585 710 664 741 puro
697 700 828 732 Pectore
853 702 958 740 verba,

259 750 351 791 puer]
373 751 442 792 Pro
466 750 570 786 hauri,
593 751 756 792 praecipe,
780 751 890 783 animo
908 752 957 783 in-

261 800 338 840 fige.
374 799 428 832 Ad
440 800 659 841 juventutem
675 801 861 833 orationem
878 811 958 833 con-

261 850 388 883 vertit:
428 861 447 882 a
477 851 603 882 teneris
637 851 724 882 enim
762 860 957 883 assuescere

261 903 404 935 multum
420 907 482 935 est.
525 903 536 920 ‘
550 902 743 934 Adhibere'
765 907 879 934 autem
895 912 958 944 pro

259 952 471 984 ‘imbibere’
500 952 602 991 dixit,
642 953 893 993 metaphoricae
937 950 962 984 a*

261 1010 404 1042 corpore
434 1001 477 1032 ad
509 1001 669 1041 animum,
695 1006 735 1033 ut
763 1002 956 1034 ‘imbutum

260 1051 362 1091 arte,'
391 1051 567 1091 ‘litteris,'
595 1054 604 1069 ‘
621 1052 813 1093 sapientia‚'
844 1054 854 1070 ‘
872 1062 957 1092 prae-

261 1100 392 1142 ceptis'
420 1101 584 1140 dicimus3
618 1110 695 1133 cum
725 1106 841 1133 tamen
870 1103 880 1119 ‘
897 1102 956 1133 im-

260 1151 367 1182 buere
379 1149 387 1162 '
405 1150 542 1191 proprie
557 1149 698 1181 inficere
721 1150 903 1191 significet,
920 1156 957 1183 ut

260 1200 354 1233 infici
369 1199 544 1242 fucariqne
565 1200 650 1231 lanae
674 1201 798 1232 solent.
843 1201 957 1234 Auda-

262 1252 334 1283 cior
361 1256 474 1283 autem
506 1251 679 1290 Horatius,
717 1261 820 1292 quum
849 1252 859 1270 ‘
877 1261 958 1284 aure

259 1301 396 1334 bibere'
426 1301 527 1340 dixit,
553 1306 592 1333 nt
620 1302 675 1333 hic
699 1302 709 1319 ‘
727 1302 892 1342 pectore‚’
916 1312 957 1333 11.

263 1352 332 1384 od.
364 1354 415 1384 13.
473 1351 593 1383 Monet
627 1359 707 1392 ergo
737 1350 781 1382 ab
810 1350 958 1382 infantia

261 1401 444 1441 praecptis
474 1401 612 1441 optimis
634 1400 851 1432 imbuendum
875 1410 957 1442 pue-

263 1456 350 1489 rum,
365 1451 452 1482 utin
475 1451 514 1482 iis
538 1461 613 1483 sese
634 1456 808 1488 exerceat,
834 1451 891 1483 ubi
915 1452 957 1483 ad

262 1505 399 1532 aetatem
415 1505 582 1532 maturam
596 1502 802 1542 pervenerit.
819 1501 959 1535 Tou-ent.

260 1552 388 1582 Verum
404 1551 514 1583 adhibe
529 1560 594 1582 non
619 1555 763 1583 metrum
787 1551 885 1583 modo
905 1561 957 1583 re-

261 1601 367 1642 spuit,
381 1601 439 1633 sed
457 1605 493 1632 et
510 1601 690 1632 sententia.
735 1600 857 1633 Adhibe
878 1601 959 1632 doc-

263 1651 381 1682 tissimi
398 1651 462 1681 viri
487 1656 580 1682 recte
604 1651 840 1682 restituerunt.
882 1652 959 1682 Vox

262 1702 338 1742 ipsa
363 1700 529 1742 significat
551 1701 694 1741 largiter
715 1701 869 1733 haurire:
893 1711 959 1742 quo

262 1751 556 1782 illudTerentian.
573 1751 761 1783 Heautont.
776 1760 802 1782 ι.
815 1754 847 1782 2.
871 1753 881 1769 ‘
900 1751 958 1782 ubi

262 1802 393 1833 adbibit
409 1801 483 1842 plus
501 1801 630 1841 pauloz’
653 1806 688 1832 et
703 1802 794 1833 Dido
810 1811 958 1833 amorem

262 1851 396 1887 bibens,
429 1850 561 1880 AEneid.
585 1859 611 1880 ι.
641 1850 814 1890 Xylander.
873 1851 960 1882 Puro

265 1900 412 1940 Pectore]
434 1899 593 1930 Nondum
611 1898 742 1929 imbuto
759 1899 871 1938 pravis
886 1900 957 1939 opi-

263 1949 437 1986 nionibus,
473 1949 621 1979 nondum
658 1952 829 1988 occupato
863 1948 958 1979 malis

261 1998 450 2040 praecept-is
476 2003 512 2029 et
538 1997 718 2039 exemplis,
741 1997 800 2028 sed
827 1997 869 2028 ab
892 1998 957 2029 illis

264 2042 382 2082 vacuo.
407 2049 564 2080 Piscator.

304 2101 347 2130 68
370 2099 467 2137 Puer,
495 2107 576 2129 nunc
604 2098 649 2138 te]
671 2098 763 2129 Dum
796 2106 880 2136 puer
909 2107 956 2128 es.

263 2148 447 2181 Melior-ibus
459 2147 551 2190 offer,
563 2149 632 2190 εμπ]
646 2147 874 2187 Philosophiae
889 2157 957 2178 ma-

262 2202 390 2242 gistris,
416 2201 470 2232 vel
509 2201 660 2232 honestis
690 2205 726 2231 et
756 2198 958 2231 salutaribus

219 2261 223 2263 ·
261 2251 463 2292 disciplinis.
508 2269 510 2271 >

306 2304 349 2333 69
373 2302 441 2337 Quo
455 2301 547 2332 semel
560 2300 625 2342 est]
642 2300 721 2332 Non
740 2308 874 2340 possum
890 2309 956 2330 non

262 2352 457 2384 adscribere
481 2351 550 2382 divi
574 2349 773 2390 Hieronymi
790 2349 893 2381 verba
914 2349 955 2380 ad

262 2402 392 2434 Laetam
416 2400 459 2433 de
479 2398 691 2433 institutione
705 2399 805 2431 filiae:
829 2403 838 2417 ‘
858 2398 958 2430 Diffi-

263 2452 375 2483 culter
389 2450 540 2482 eraditur
553 2449 642 2492 quod
656 2449 755 2481 rudes
769 2449 871 2480 animi
884 2458 958 2489 per-

264 2500 443 2532 biberunt:
467 2500 646 2541 conchylia
675 2499 749 2540 quis
779 2499 814 2531 in
846 2499 957 2540 pristi-

264 2559 343 2581 num
359 2550 540 2582 candorem
555 2550 714 2582 revocet?
737 2558 856 2581 recens
871 2553 959 2582 testa

265 2600 323 2632 diu
337 2604 374 2632 et
383 2609 539 2640 saporem
554 2601 680 2633 retinet
691 2606 726 2633 et
741 2601 878 2633 odorem
890 2611 957 2643 quo

266 2650 408 2690 primum
422 2649 551 2681 imbuta
564 2657 628 2682 est.
632 2652 639 2665 '
656 2652 798 2685 Torrent.
828 2651 958 2688 Recens,

265 2701 318 2739 850.
323 2699 335 2740 ]
374 2700 506 2731 Recens
524 2704 622 2741 testa,-
638 2701 669 2732 in
681 2712 786 2743 quam
803 2702 885 2734 nihil
901 2702 958 2734 ad-

265 2750 330 2781 huc
344 2749 410 2781 fuit
426 2748 582 2781 infusum.

279 2802 351 2831 -70
374 2801 466 2836 Quod
478 2801 507 2831 si
521 2811 630 2842 cessas,
645 2803 697 2841 ἔμ’,
701 2802 715 2842 ]
747 2803 806 2834 Si'
799 2813 832 2834 m
849 2803 961 2835 Philo-

720 257 864 289 No'rAE
895 257 1160 290 VARIORUM
1193 257 1246 288 IN

1008 353 1134 394 sophiae
1147 352 1260 384 studio
1273 351 1318 383 sis
1331 350 1498 393 ignavior,
1507 351 1615 385 anui
1610 355 1698 395 ‘pro-

1007 403 1174 434 movearis
1188 402 1343 434 alacrius.

1050 455 1088 484 71
1119 452 1188 484 Neo
1210 450 1350 492 tardum]
1373 450 1488 483 Animi
1516 450 1569 482 sui
1593 451 1700 483 since-

1007 500 1143 533 ritatem
1171 502 1350 541 ostendit3
1387 501 1446 543 qui
1468 501 1702 541 Philosophia

1006 551 1117 590 spatia
1136 551 1334 589 decurrens,
1349 559 1461 592 neque
1475 550 1704 592 praecedenti-

1007 599 1070 631 bus
1087 600 1212 632 invidia
1225 605 1357 640 noceat,
1369 609 1479 641 neque
1489 601 1703 642 sequentium

1008 650 1180 683 tarditatis
1205 652 1360 692 exemplo
1386 650 1551 682 remissior
1564 651 1704 684 existat.
1741 676 1746 683 .

1007 701 1130 732 Similis
1146 701 1330 733 avCircensi
1345 701 1547 733 decursione
1562 700 1706 734 transla-

1009 751 1069 786 tio,
1098 761 1123 782 ι.
1148 752 1220 783 Sat.
1246 754 1276 783 1.
1303 751 1446 783 Torreat.
1481 751 1561 783 *Nec
1579 752 1704 783 tardum

1008 803 1159 843 opperior,
1174 802 1244 843 εἷα]
1267 803 1341 834 Nee
1356 806 1390 834 te
1402 807 1562 842 expecto,
1575 803 1633 844 qni
1649 812 1704 835 me

1011 854 1169 895 persequi
1200 862 1267 885 non
1293 859 1406 894 potes,
1428 861 1493 884 nec
1521 861 1626 884 conor
1646 861 1704 885 eos

1010 907 1236 945 antevertere,
1251 903 1308 945 qui
1324 912 1376 934 me
1393 902 1607 943 praecedunt.

1009 953 1128 985 Emsr.
1155 962 1211 985 ιιι.
1269 953 1325 984 An
1357 953 1500 986 Jnmnss
1535 953 1705 987 Fsonun.

1050 1003 1073 1035 J
1077 1003 1178 1034 ulium
1196 995 1330 1035 Florum
1342 1003 1385 1035 de
1397 1002 1539 1035 Claudio
1554 1003 1703 1040 Nerone,

1052 1053 1111 1084 ubi
1127 1053 1262 1092 militet,
1278 1058 1312 1086 et
1327 1053 1371 1085 de
1386 1052 1606 1095 quorumdam
1622 1055 1705 1086 ami-

1052 1113 1167 1135 corum
1184 1105 1322 1145 scriptis
1337 1104 1537 1145 interrogat,-
1565 1103 1704 1136 Deinde

1051 1153 1161 1194 ipsum
1185 1155 1320 1187 Florum
1335 1155 1378 1186 ad
1394 1154 1575 1195 sapientise
1595 1154 1706 1186 studi·-

1051 1212 1120 1242 um,
1142 1207 1178 1235 et
1201 1204 1243 1234 ad
1270 1203 1479 1235 redeundum
1502 1203 1536 1234 in
1559 1204 1704 1245 gratiam

1051 1262 1127 1284 cum
1142 1252 1250 1285 fratre
1264 1253 1432 1285 hortatui.

1050 1303 1153 1334 Hune
1174 1303 1297 1334 Julium
1319 1304 1447 1334 Florum
1469 1304 1576 1335 altera
1599 1303 1702 1335 etiam

1006 1352 1064 1383 lib.
1092 1361 1132 1383 ιι.
1156 1352 1308 1392 Epistola
1332 1352 1486 1384 celebrat
1511 1352 1702 1385 Horatius:

1007 1407 1048 1434 et
1058 1402 1116 1433 illa
1131 1402 1265 1444 quidem
1282 1407 1356 1434 tota
1369 1403 1457 1434 seria
1471 1407 1538 1444 est,
1552 1407 1590 1435 et
1601 1413 1704 1435 aecn-

1007 1456 1078 1484 rate
1095 1453 1307 1494 persen-ipim
1322 1454 1398 1485 haec
1413 1463 1494 1485 vero
1506 1452 1701 1486 familiaris:

1007 1502 1042 1534 in
1072 1512 1138 1544 qua
1167 1506 1281 1534 tamen
1311 1501 1565 1543 Philosophiam
1591 1503 1704 1535 obiter

1007 1553 1162 1593 attingit,
1185 1562 1262 1584 cum
1277 1553 1347 1594 ejus
1367 1552 1514 1584 studium
1535 1562 1704 1586 commen-

1006 1603 1102 1643 dans,
1126 1603 1230 1634 etiam
1252 1613 1349 1635 usum
1372 1604 1493 1645 exigit,
1515 1608 1654 1636 servata
1668 1604 1703 1636 in

1004 1653 1145 1686 fratrem
1173 1655 1313 1696 pietate.
1364 1655 1410 1686 Et
1434 1654 1545 1686 Florus
1564 1655 1701 1696 quidem

1008 1704 1086 1735 olim
1103 1704 1324 1746 Aquilliorum
1341 1709 1377 1736 et
1391 1704 1604 1747 Valeriorum
1620 1705 1702 1737 satis

1007 1754 1143 1786 celebre
1170 1763 1356 1795 cognomen
1386 1753 1474 1785 fuit.
1505 1754 1595 1786 hunc
1622 1763 1701 1785 vero

1006 1805 1129 1836 Julium
1144 1805 1271 1836 Florum
1294 1814 1314 1836 e
1332 1805 1505 1845 provincia
1522 1804 1635 1845 potins
1651 1803 1705 1835 fn-

1008 1853 1074 1885 isse
1086 1853 1301 1885 crediderim.
1327 1853 1471 1885 Tor-rent.

1051 1905 1068 1932 1
1095 1903 1215 1936 Quibus
1238 1907 1405 1938 terrarum,
1429 1904 1500 1943 qua]
1521 1903 1564 1934 In
1580 1903 1702 1944 quibus

1008 1950 1213 1990 regionibus.
1243 1950 1368 1982 ‘'Orae
1383 1951 1577 1991 signifieant
1589 1957 1703 1984 extre-

1007 2008 1078 2030 mas
1095 2002 1209 2039 partes
1227 2003 1404 2031 terrarum.

1047 2051 1068 2080 2
1093 2049 1242 2080 Claudius
1253 2049 1595 2091 Aegusam-bignins]
1603 2018 1702 2083 Titus

1007 2099 1165 2131 Claudius
1182 2099 1275 2131 Nero
1291 2099 1439 2140 Augusti
1457 2098 1646 2141 privignus,
1659 2109 1702 2134 ae

1008 2158 1113 2190 gener
1137 2150 1252 2188 etiam,
1279 2149 1385 2181 ducta
1406 2149 1497 2183 Julia
1519 2149 1593 2191 ejus
1621 2150 1704 2184 tilis.

1008 2200 1107 2233 Quod
1145 2205 1258 2232 antem
1291 2201 1472 2233 militarem
1499 2210 1576 2233 eum
1605 2201 1704 2243 dicit,

1007 2250 1065 2292 qui
1080 2249 1150 2282 dux
1172 2250 1252 2281 belli
1278 2249 1406 2290 fuerit;
1431 2251 1485 2282 vel
1507 2249 1702 2292 κατάχρησις

1006 2305 1070 2340 est,
1084 2301 1138 2332 vel
1154 2300 1196 2332 ad
1212 2301 1292 2332 belli
1308 2301 1459 2343 auspicia
1473 2300 1703 2342 referendum,

1006 2359 1081 2392 quae
1102 2359 1208 2391 penes
1234 2350 1427 2391 Angustum
1454 2355 1565 2391 erant,
1585 2355 1628 2383 nt
1640 2350 1701 2382 lib.

1006 2409 1056 2433 xv.
1071 2400 1139 2432 Od.
1152 2403 1183 2432 4.
1198 2400 1428 2432 ostendimus:
1444 2401 1455 2419 ‘
1465 2401 1514 2432 Te
1524 2399 1701 2432 eonsilium

1006 2456 1043 2483 et
1059 2455 1135 2483 tuos
1150 2450 1333 2483 Praebente
1348 2450 1444 2483 divos
1457 2450 1480 2482 :’
1496 2454 1579 2492 puto
1587 2453 1700 2482 antem

1005 2502 1167 2543 scriptam
1182 2501 1270 2533 hanc
1279 2501 1469 2542 Epistolsm
1481 2493 1523 2532 eo
1534 2505 1702 2541 tempore,

1005 2562 1071 2594 qno
1083 2551 1240 2584 Tiberius
1256 2552 1311 2583 vel
1326 2551 1555 2584 Pannonicum
1572 2550 1700 2583 bellurn

1006 2603 1122 2643 gessit,
1151 2603 1205 2634 vel
1233 2602 1267 2633 in
1299 2601 1493 2633 Armeniam
1521 2598 1700 2642 profectus

1006 2658 1071 2692 est,
1115 2662 1255 2694 regnum
1279 2652 1430 2693 -Tigrani
1470 2651 1700 2684 restituturus.

1010 2704 1152 2735 Torrent.
1199 2702 1346 2735 Claudius
1371 2702 1508 2744 Augu-ei
1519 2699 1697 2742 ῥνΐθὶςηυδ]

1005 2753 1160 2785 Tiberius
1175 2754 1281 2793 Nero,
1302 2753 1446 2795 Augusti
1462 2751 1634 2795 privignus
1655 2752 1699 2782 ex

1009 2804 1105 2837 Livia
1119 2803 1280 2836 Drusilla.
1656 2817 1658 2821 ·
