1858 3184
253 216 365 259 1816

252 323 380 355 dixeris
391 324 536 355 Clusinos
545 327 604 355 aut
613 323 622 341 ‘
632 324 799 356 Romanos
813 330 930 365 petere
941 325 949 338 ¹

255 383 344 412 eum,
364 374 420 415 qui
443 374 580 405 Clusum
605 379 663 406 aut
687 375 825 407 Romam
850 376 948 416 proti-

253 424 337 455 cisci
355 424 447 456 velit.
469 425 611 456 Tor-rent.

296 477 318 505 9
343 474 494 514 Clusinis]
516 475 621 516 Aquis
638 475 770 517 frigidis
791 476 824 507 in
847 477 949 511 Etru-

253 524 316 564 ria,
343 524 392 556 sic
418 524 596 556 nominatis
620 535 641 557 a
665 525 779 557 Clusio
804 526 951 558 Etruriae

256 575 394 615 oppido.
433 575 624 616 Gabiosque]
641 575 744 607 Gabii
759 576 837 607 olim
854 577 951 616 oppi-

255 624 347 664 dum,
365 630 486 665 postea
497 625 592 656 vicus
603 625 715 656 media
727 625 780 656 via
795 626 954 657 Praenes-

256 664 340 714 t‘ina,
355 674 445 714 apud
471 674 696 707 Strabonem:
720 685 831 716 neque
848 686 952 717 aquas

254 723 326 755 illic
343 724 424 754 ullas
439 724 674 755 memorabiles
693 725 837 757 invenio.
883 725 952 757 Ad-

257 773 384 804 diderit
404 773 506 812 igitur
520 774 584 805 boc
600 774 778 814 Horatius,
794 775 874 816 quia
886 784 953 806 non

257 821 486 863 ψυχρολουσίας
508 828 655 860 tantum,
681 825 742 856 sed
764 826 878 856 omnia
894 824 953 856 fri-

256 873 347 913 gida,
380 874 484 906 etiam
515 876 624 906 victus
654 879 690 906 et
718 875 793 907 caeli
823 875 954 907 ratione

255 923 516 956 commendabat
526 925 864 961 Antonius,Clusium
876 925 954 957 ideo

256 977 293 1008 et
308 973 436 1006 Gabios
450 974 612 1016 ablegans
625 985 745 1016 aegros.
761 976 849 1009 Tor-r.
887 976 953 1007 Ga·

255 1022 394 1065 biosque]
418 1024 618 1056 Volscorum
633 1026 761 1057 urbem.

252 1093 256 1095 Α
300 1075 341 1103 10
365 1073 540 1105 Mutandus
563 1076 645 1106 locus
667 1075 730 1116 est]
758 1076 806 1107 Ut
830 1074 955 1107 medici

257 1122 398 1153 consilIo
413 1123 593 1162 assentiar,
616 1124 716 1155 alium
733 1125 839 1155 locum
855 1134 955 1165 quam

256 1171 423 1204 Baianum
448 1182 501 1204 me
525 1177 646 1214 petere
661 1178 807 1214 oportet.

258 1221 352 1253 Nota
367 1224 422 1254 vel
439 1224 530 1263 mihi,
548 1224 599 1255 vel
617 1234 716 1266 equo.

304 1274 342 1302 11
369 1274 438 1308 Quo
461 1274 579 1314 tendis]
603 1274 679 1305 Hoc
705 1285 725 1305 a
749 1275 822 1306 noti
846 1275 958 1306 diver·

258 1321 338 1352 sorii
363 1322 416 1352 vel
439 1323 570 1363 hospite
588 1324 641 1353 vel
656 1332 811 1363 caupone
828 1324 956 1355 dictum

248 1373 368 1414 finge:
386 1374 440 1404 cui
456 1374 562 1405 iratus
579 1374 682 1414 Baiis,
695 1375 785 1415 quod
799 1375 958 1407 videlicet

257 1427 422 1455 nocentes
438 1423 661 1464 deprehensae
679 1425 758 1461 sint,
775 1425 959 1466 respondet

258 1482 374 1513 eques,
398 1474 471 1505 Non
491 1473 567 1505 mim·
595 1475 710 1519 Cumas
731 1476 793 1507 Est
816 1476 878 1507 iter·
901 1479 958 1508 αιιε

258 1522 361 1554 Boios
372 1533 385 1560 ;
407 1523 450 1554 ad
475 1524 593 1555 laevam
610 1524 745 1556 interim
761 1535 884 1567 equum
898 1526 956 1558 de-

258 1577 446 1613 torquens:
478 1573 589 1606 Roma
617 1575 704 1606 enim
736 1575 887 1616 Capuam
917 1585 957 1608 ac

246 1617 455 1662 Neapolim,
477 1623 624 1665 indeque
638 1624 772 1656 Veliam
788 1634 829 1657 ac
845 1625 956 1657 Saler-

258 1679 338 1701 num
367 1672 572 1713 petentibus,
612 1674 704 1706 sinus
735 1675 882 1707 Baianus
913 1676 955 1707 ad

259 1722 415 1753 dextram
441 1726 502 1754 est.
548 1723 594 1756 Et
620 1725 957 1768 ita‘quidem-eques

257 1771 353 1812 ipse:
378 1772 437 1804 sed
459 1782 566 1815 equus
582 1784 696 1806 aurem
711 1776 745 1807 in
761 1786 820 1808 ore
835 1783 960 1819 gestat,

258 1830 300 1852 eo
326 1822 433 1854 iturus
450 1833 517 1864 quo
534 1823 679 1857 fraenum
697 1833 818 1859 vocett
843 1838 961 1870 quam-

259 1872 309 1902 vis
325 1873 456 1912 spontis
471 1882 541 1904 suae
558 1874 586 1904 si
605 1880 710 1914 esset,
736 1877 836 1908 Baias
861 1883 959 1918 pete-

260 1924 324 1951 rct.
339 1921 482 1953 Torreat.
529 1923 598 1957 Quo
613 1923 729 1964 tendis]
751 1925 866 1956 Verba
881 1931 959 1957 sunt

251 1970 409 2010 Horatii,
425 1975 484 2002 aut
498 1971 583 2002 alius
598 1972 639 2003 ad
654 1982 777 2014 equum
793 1984 900 2008 suum.

306 2022 346 2051 12
368 2020 586 2052 Stomacho-sus
599 2021 733 2063 habena]
756 2023 958 2057 Iracundus.

304 2073 344 2101 13
368 2069 431 2102 Sed
462 2071 548 2112 equi]
588 2072 679 2105 Quid
712 2074 959 2107 stomacharis?

261 2121 377 2162 Equus
393 2130 457 2152 non
472 2131 565 2160 aure,
579 2122 639 2154 sed
656 2133 725 2163 ore,
741 2124 774 2155 iu
791 2133 856 2166 quo
870 2125 960 2158 inest

259 2173 414 2212 fraenum,
428 2174 543 2213 sentit,
557 2184 623 2215 quo
637 2175 682 2207 sit
697 2176 854 2208 eundum.
897 2178 960 2209 Sed

252 2226 331 2266 >equi
345 2224 473 2263 frenato
486 2229 532 2257 est
546 2227 632 2258 auris
643 2227 676 2258 in
688 2228 755 2268 ore]
771 2229 870 2260 Auris
883 2239 958 2270 per-

263 2284 378 2308 aurea.
423 2278 469 2308 Et
494 2287 576 2310 sane
594 2279 764 2311 veteribus
784 2281 872 2312 auris
892 2290 957 2312 non

261 2330 391 2358 tantum
418 2327 604 2360 membrum
630 2329 838 2370 significasse
865 2331 958 2372 vide-

261 2382 332 2416 tur,
352 2377 410 2408 sed
426 2378 528 2409 etiam
543 2379 741 2420 capistrum,
756 2381 845 2422 quod
863 2382 958 2423 equis

263 2427 304 2456 ad
322 2427 355 2458 id
374 2427 593 2468 religabatur,
616 2436 649 2460 et
665 2430 743 2462 inde
762 2431 829 2462 κατ’
845 2431 960 2463 ἄναλο-

261 2476 334 2514 ssav
347 2476 530 2510 deductum
545 2480 555 2497 ‘
566 2478 716 2520 Auriga,'
732 2486 770 2513 ut
781 2483 791 2500 ‘
802 2481 940 2514 Aureax
950 2482 959 2497 '

264 2526 324 2557 ἀπὸ
349 2529 407 2557 τοῦ
428 2529 583 2561 ‘Aurem’
629 2530 736 2562 Porro
752 2531 959 2563 habenarum

264 2576 331 2607 duo
357 2583 455 2609 erant
479 2589 616 2619 genera.
636 2585 675 2612 ut
689 2585 726 2612 et
739 2581 861 2613 hodic:
887 2582 960 2613 alias

263 2636 324 2658 ora
339 2626 529 2664 frenabant,
555 2635 592 2662 et
618 2630 784 2663 ‘Aurcae'
808 2641 868 2663 seu
890 2636 899 2650 ¹
913 2631 961 2664 0-

264 2675 355 2707 teae'
385 2678 668 2717 appellabantur:
706 2681 781 2715 aliae
805 2682 962 2723 jumenta

264 2726 541 2767 compescebant,
563 2738 606 2759 ne
632 2730 781 2772 disjungi
807 2737 962 2773 possent,

262 2780 368 2818 atque
397 2786 439 2809 ea
469 2777 658 2819 ‘Jungula'
688 2781 801 2815 dictae.
839 2783 961 2815 Mem-s.

854 1174 955 1215 Noto]

714 229 855 261 NO'l'AE
888 230 1152 261 VARlORUM
1187 231 1235 260 ΙΝ

1003 325 1085 355 Crit.
1104 327 1178 356 129.

1042 377 1082 405 14
1106 374 1212 413 qu'or
1241 372 1362 413 utrum]
1401 372 1534 413 Repete
1563 367 1694 406 νβ’-25.

999 426 1009 441 ⁴
1024 425 1093 456 Par
1107 430 1161 456 est
1177 429 1212 455 te
1228 423 1378 455 scribere
1394 421 1530 459 utrum.'
1541 424 1606 455 ὅτε.
1633 423 1696 454 Po-

997 475 1103 515 pulum
1108 474 1266 513 frumenti
1279 475 1367 515 copia
1379 474 1504 515 paseat]
1542 473 1585 505 In
1599 473 1699 504 Velia

1001 525 1054 556 vel
1075 525 1229 556 Salei-no.
1733 564 1738 570 ι

1045 579 1082 606 15
1110 576 1298 607 Colleetosne
1314 574 1420 607 bibant
1435 573 1564 614 imbres]
1584 574 1699 606 Collec-

1001 621 1188 657 tos'imbres
1217 625 1382 656 cisternas
1413 625 1577 665 lacusque
1605 623 1701 664 Ju'gs‘s

1000 685 1089 716 aquae
1105 675 1215 716 puteis
1239 675 1400 715 opponit:
1427 675 1476 705 ita
1491 682 1638 715 namque
1652 673 1700 704 le-

1003 736 1082 767 gere
1098 726 1223 765 malim,
1238 734 1339 766 quam
1355 723 1471 756 Dulcis
1480 734 1589 764 oquae:
1605 722 1702 754 deni-

1002 786 1068 817 que
1083 785 1205 807 caussa
1220 774 1375 807 redditur
1396 783 1499 816 qnare
1513 777 1620 814 puteos
1630 783 1700 814 per-

1002 836 1094 857 ennes
1128 830 1253 865 vocet;
1296 834 1416 866 nempe
1452 824 1543 865 quod
1579 822 1591 839 ‘
1607 822 1699 864 jugis

1005 886 1100 917 aquae
1116 874 1213 915 fons,'
1235 880 1274 907 ut
1300 874 1381 906 alibi
1406 872 1555 914 loquitur
1579 871 1703 920 Poeta,

1004 927 1038 957 in
1053 926 1102 958 eis
1128 926 1302 958 scaturiat.
1325 925 1466 956 Tor-rent.
1512 922 1702 953 collectosne

1003 978 1111 1010 bibant
1131 976 1260 1016 imbres]
1282 976 1451 1009 collectos
1469 975 1503 1006 in
1529 973 1701 1006 cisternis.

1004 1028 1180 1068 Puteosque
1202 1026 1365 1068 perennes]
1401 1023 1518 1066 Aquas
1546 1021 1704 1054 fontanas

998 1079 1130 1119 jugiter
1146 1083 1396 1119 promanantes.

1048 1131 1090 1160 16
1113 1129 1199 1159 Nom
1220 1129 1296 1159 vina
1320 1126 1400 1158 nihil
1420 1121 1536 1166 moror]
1559 1123 1648 1155 Vina
1671 1120 1723 1155 αι’

1006 1187 1121 1219 queso,
1145 1187 1222 1220 quae
1250 1178 1284 1208 in
1299 1177 1400 1208 Velia
1415 1180 1453 1207 et
1471 1175 1612 1208 salerno
1628 1180 1705 1206 uase

1007 1233 1142 1267 cuntur,
1158 1237 1224 1260 non
1240 1227 1409 1259 desidero.

1050 1281 1090 1310 17
1117 1279 1203 1310 Rure
1217 1278 1297 1318 meo]
1334 1276 1514 1308 Rationem
1534 1274 1629 1306 addit
1644 1283 1705 1305 cur

1005 1328 1094 1359 illius
1110 1337 1178 1359 orae
1194 1327 1271 1358 vina
1286 1335 1351 1358 uon
1368 1325 1478 1366 magni
1492 1324 1610 1356 faciat.
1629 1324 1704 1355 Tor·

1005 1381 1087 1409 rent.
1134 1375 1220 1408 Rure
1242 1386 1308 1408 meo
1330 1375 1468 1416 possum]
1493 1374 1605 1407 Quum
1624 1382 1704 1406 rure

1006 1436 1090 1460 siim.
1129 1427 1264 1463 Quidvis
1271 1426 1407 1467 perferre
1417 1425 1561 1467 patique]
1579 1425 1704 1458 Quem-

1006 1478 1058 1509 vis
1071 1477 1184 1509 cibum
1199 1486 1238 1508 ac
1255 1476 1442 1518 potionem.

1050 1530 1090 1559 18
1112 1526 1163 1560 Λα
1175 1536 1260 1559 mare
1274 1535 1367 1567 quum
1381 1524 1468 1566 veni]
1502 1526 1615 1559 Quum
1627 1524 1706 1556 veni

1004 1578 1039 1609 in
1060 1578 1281 1619 Campaniam
1307 1582 1366 1608 aut
1392 1576 1573 1607 Lucaniam
1597 1582 1705 1616 prope

1004 1637 1111 1660 mare.
1157 1627 1349 1659 Generosum
1363 1630 1393 1658 et
1407 1623 1491 1664 lene]
1516 1624 1641 1658 Nobile
1657 1624 1706 1655 vi-

1004 1686 1095 1710 num.

1051 1730 1093 1759 19
1115 1719 1243 1770 Manet]
1268 1726 1439 1759 Dimanet.

1049 1781 1092 1809 20
1103 1777 1326 1819 Animumque]
1341 1778 1463 1811 Vinum
1473 1777 1612 1818 spiritus
1627 1782 1708 1809 con-

1008 1826 1210 1860 calefaciens
1226 1828 1326 1859 animi
1342 1831 1452 1860 motus
1466 1827 1610 1859 excitat.

1051 1880 1091 1908 21
1118 1878 1209 1912 Quod
1234 1888 1281 1909 me
1304 1878 1442 1909 Lucana·
1455 1877 1604 1917 ,iuvenem
1628 1880 1707 1908 com·-

1008 1927 1130 1957 mendet
1149 1927 1273 1966 amicoe]
1299 1926 1339 1957 Id
1355 1931 1422 1967 est,
1449 1927 1539 1967 quod
1557 1927 1635 1958 milii
1649 1928 1708 1967 jn·

1011 1974 1160 2006 ventntis
1171 1974 1497 2006 commendationem
1509 1975 1598 2015 apud
1617 1975 1706 2007 illam

1008 2024 1151 2056 tribuat.
1202 2025 1267 2056 Vel
1296 2024 1386 2066 quod
1415 2033 1470 2056 me
1495 2024 1638 2065 perinde
1666 2034 1706 2056 ac

1004 2075 1170 2115 juvenem
1195 2074 1470 2106 commendatum
1497 2074 1544 2105 illi
1572 2073 1706 2106 reddat.

1010 2126 1110 2158 Quod
1127 2124 1222 2165 facit,
1233 2130 1270 2157 ut
1283 2133 1379 2166 aeque
1392 2125 1452 2156 sim
1467 2124 1516 2155 illi
1531 2129 1708 2164 acceptus,

1009 2186 1049 2207 ac
1086 2177 1112 2207 si
1138 2176 1274 2217 juvenis
1303 2176 1412 2207 adhuc
1442 2184 1562 2207 essem.
1598 2174 1707 2215 Stepls.

1011 2226 1207 2258 Commendet
1229 2226 1353 2267 omicoe]
1375 2225 1475 2259 Quod
1506 2225 1584 2257 mihi
1619 2225 1708 2267 viras

1008 2282 1151 2317 praestet
1167 2276 1209 2307 ad
1223 2277 1407 2308 Venerem.

1050 2329 1093 2358 22
1117 2327 1248 2358 Tractus
1268 2330 1340 2358 uter
1358 2325 1477 2367 plures]
1502 2325 1634 2366 Repete
1657 2335 1706 2356 vs.

1009 2378 1078 2408 Par
1092 2380 1139 2408 est
1154 2381 1184 2408 te
1194 2377 1341 2413 scribere,
1355 2381 1431 2408 uter
1443 2381 1586 2414 tractus,
1597 2375 1631 2405 id
1644 2380 1708 2414 est,

1009 2433 1086 2459 utra
1102 2426 1197 2467 regio
1213 2427 1351 2465 Velina,
1367 2435 1410 2457 an
1434 2424 1611 2456 Salernina
1625 2423 1708 2455 edu-

1010 2483 1078 2517 cet,
1095 2477 1127 2508 id
1145 2482 1208 2516 est,
1223 2476 1354 2508 nutriat
1370 2475 1418 2517 pl.
1430 2475 1499 2516 lep.
1521 2476 1586 2506 &c.

1052 2530 1093 2559 23
1118 2527 1253 2559 Echinos
1278 2535 1403 2567 (equora
1426 2523 1540 2564 celent]
1560 2522 1707 2555 Echinos

1010 2578 1168 2610 marinos.
1504 2571 1507 2573 ’

1053 2630 1094 2658 24
1117 2626 1313 2668 Phoeaxque]
1335 2626 1433 2658 Unus
1458 2622 1592 2656 Alcinoi
1608 2622 1709 2663 juve-

1011 2687 1104 2716 num,
1120 2682 1158 2709 nt
1183 2677 1291 2718 Epist.
1317 2685 1358 2708 11.
1383 2675 1540 2707 vidimus.
1558 2672 1706 2703 'Tor-rens.

1011 2728 1190 2768 Pltaeaxque
1219 2726 1351 2767 reverti]
1388 2724 1528 2758 Nitidus
1558 2721 1708 2764 splendi-

1010 2778 1152 2820 dasque,
1165 2778 1281 2820 quales
1297 2780 1398 2810 erant
1411 2774 1586 2812 Phaeaces,
1601 2777 1706 2812 Polm-
