1858 3184
261 199 374 243 1858

262 315 316 338 am
331 303 496 338 audacem
512 314 532 337 a
545 302 727 337 scribendo
749 303 963 336 deterreant.

262 356 349 388 Tum
364 355 409 388 ob
425 355 689 388 inconstantiam
715 354 832 395 populi
853 358 888 385 et
904 360 965 384 nos

263 407 378 439 vitatis
393 407 557 439 studium.
583 406 748 446 Terretque
765 403 911 444 Po'e'tam]
931 403 963 435 A

262 457 433 490 scribendi
447 456 562 489 studio
577 456 743 487 deterret.

307 510 369 539 183
391 507 525 539 Numero
533 504 654 546 plures]
678 504 768 536 Hinc
781 505 964 536 multorum

264 562 323 590 ant
347 555 574 588 multitudinis
602 554 766 586 vocabulo
787 564 877 596 saepe
901 564 963 596 pro

263 606 404 638 rudibus
429 609 466 637 et
483 604 648 646 imperitis
669 604 806 644 utimur,
829 610 867 636 nt
883 614 964 646 pau-

264 667 324 690 cos
351 666 428 689 cnm
451 655 608 696 dicimus,
631 656 751 688 doctos
771 655 964 698 probosque

187 717 196 725 ·
261 706 500 749 significamus.
515 706 658 739 Tor-rent.
687 705 846 746 Minores]
858 706 965 738 Nem·

265 765 309 798 pe
326 755 462 797 plebeii.

307 808 370 838 184
393 805 586 847 Depugnare
607 804 731 847 parati]
762 804 877 837 Armis
893 813 966 837 cer-

264 860 351 889 tare.

307 909 368 938 18⁵
391 906 430 938 Si
463 905 617 938 discordet
645 904 752 946 eques]
796 905 966 946 Equester

263 957 347 990 ordo
363 967 382 989 e
398 966 484 989 xur.
505 956 692 996 ordinibus,
717 955 775 997 qui
790 956 886 987 loeus
901 954 965 986 eti-

264 1017 319 1039 am
336 1007 347 1025 ‘
359 1006 550 1049 equestria’
567 1011 604 1053 qt
619 1009 629 1024 ‘
641 1005 813 1047 equestre'
829 1004 967 1036 diceba-

264 1062 342 1097 tur;
370 1056 469 1098 plebs
491 1065 574 1087 vero
598 1065 618 1087 e
640 1064 747 1087 cavea
766 1054 965 1095 spectabat:

264 1111 364 1138 tauta
380 1115 473 1146 saepe
486 1105 530 1136 ob
545 1104 681 1136 diversa
695 1104 812 1135 studia
826 1108 967 1135 conten-

265 1157 372 1195 tione,
387 1161 424 1187 ut
441 1153 608 1187 acerrime
623 1154 875 1194 depugnarent.
900 1153 969 1184 Ex·

265 1205 378 1247 empla
405 1214 472 1236 non
499 1213 576 1235 raro
602 1202 714 1235 obvia.
739 1202 885 1233 Tment.
929 1201 969 1233 Si

263 1256 420 1288 discordet
433 1253 542 1295 eques]
564 1253 599 1285 Si
614 1253 746 1294 equites
763 1253 853 1284 aliud
868 1262 968 1294 qnam

265 1305 394 1346 plebeii
421 1304 540 1336 velint.
587 1302 698 1334 Medio
713 1301 812 1342 inter]
842 1301 883 1333 In
898 1311 970 1334 me-

271 1354 336 1387 diis
350 1353 489 1386 fabulis.

309 1407 371 1437 187
400 1404 515 1437 Verum
530 1402 662 1444 equites]
679 1402 759 1434 Non
772 1401 879 1433 solum
896 1401 970 1432 vnl-

265 1464 341 1496 gus,
357 1463 474 1486 verum
497 1452 614 1492 etiam,
638 1454 703 1484 &c.
749 1450 908 1491 Migravit
931 1450 969 1481 ab

265 1514 343 1537 oure
356 1501 513 1544 voluptas]
550 1501 734 1534 Attentum
754 1500 861 1542 magis
877 1500 970 1542 equi-

267 1559 336 1586 tem
353 1553 431 1585 olim
458 1553 494 1584 in
520 1551 609 1584 ludis
627 1551 853 1583 theatralibus
868 1550 970 1582 fnisse

266 1605 368 1645 dicit,
401 1613 468 1639 non
506 1607 577 1636 tam
612 1603 749 1635 scenico
787 1606 971 1643 apparatu,

267 1664 370 1696 quiam
385 1653 574 1691 Poetarum
595 1651 804 1685 carminibus
820 1653 971 1684 delecta-

267 1710 364 1737 tum:
395 1709 432 1736 at
456 1712 560 1742 nnnc,
585 1703 710 1744 inquit,
731 1702 776 1734 ab
799 1702 971 1735 audiendo

267 1755 312 1787 ad
328 1753 554 1795 spectandum
576 1761 773 1792 conversus,
786 1753 878 1784 solos
891 1761 972 1784 ocn-

266 1805 318 1837 los
343 1803 465 1845 pascit,
493 1813 595 1845 vagos
619 1807 657 1835 et
677 1802 923 1840 inconstantes,
937 1805 974 1834 et

265 1853 325 1895 (nt
356 1853 501 1884 diversae
534 1851 724 1884 offeruntur
748 1851 899 1894 species)
938 1852 973 1884 in

269 1911 404 1935 omnem
420 1906 552 1943 partem
570 1902 748 1934 volubiles.
776 1902 877 1933 Tales
890 1911 971 1943 ergo

268 1953 405 1984 incertos
422 1956 531 1983 vocat.
558 1951 704 1984 Torreat.

314 2004 377 2034 188
399 2001 452 2033 Aa
466 2001 599 2032 ivwertos
613 2000 729 2041 oculos]
753 2000 881 2032 Incerti
893 2010 972 2032 ocu-

268 2052 292 2084 li
305 2055 384 2083 sunt
398 2051 492 2082 varia
507 2055 544 2082 et
558 2050 691 2082 incerta
705 2050 914 2091 spectacula,
929 2050 972 2082 ad

271 2111 349 2144 qnae
375 2110 465 2133 nnnc
489 2100 568 2140 hue,
588 2109 678 2132 nunc
699 2100 778 2131 illuc
802 2098 972 2131 indefesse

269 2152 533 2192 interrupteque
564 2149 729 2181 intuenda
759 2148 945 2182 flectuntur
962 2159 971 2181 :

270 2211 377 2244 quare
397 2201 487 2233 visus
509 2209 572 2241 pro
585 2209 621 2231 re
637 2199 721 2236 visa,
737 2199 827 2231 oculi
843 2208 904 2240 pro
921 2208 974 2231 re·

272 2252 336 2283 bus
372 2251 471 2283 oculo
510 2249 685 2291 perceptis
727 2253 974 2290 proponuntur.

275 2301 372 2342 Craq.
414 2300 482 2332 Vel
494 2299 617 2332 incerti
629 2299 720 2331 oculi
734 2303 825 2340 suut,
841 2299 899 2341 qui
917 2308 973 2330 va-

273 2352 333 2384 riis
358 2360 472 2383 rerum
494 2350 700 2392 spectaculis
723 2350 918 2391 capiuntur,
938 2354 974 2382 et

272 2403 337 2434 boc
353 2406 390 2434 et
405 2399 488 2434 illud
511 2399 609 2432 avide
633 2399 823 2439 intuentur,
845 2404 882 2431 et
903 2399 973 2431 voti

274 2453 326 2484 sui
355 2451 479 2484 incerti
514 2453 603 2486 sunt,
631 2458 742 2491 neque
775 2453 975 2481 constanter

274 2513 375 2534 unam
391 2502 537 2543 aliquam
550 2499 714 2541 speciem.
726 2508 792 2540 qna
806 2496 975 2538 fruantur,

276 2552 447 2593 probant:
465 2550 525 2582 sed
541 2548 722 2590 multiplici
739 2548 907 2581 varietate
923 2557 976 2579 re·

276 2610 352 2632 rum
382 2601 593 2632 diversarum
627 2599 844 2631 delectantur
874 2602 975 2640 atque

277 2650 441 2692 gaudent.
487 2649 619 2682 Turneb.
633 2658 741 2682 xxvr.
757 2652 812 2681 25.
856 2649 909 2680 Aa
926 2649 975 2681 in·

275 2698 393 2739 certos]
420 2699 474 2730 Ad
490 2700 635 2732 incertas
651 2704 686 2732 et
702 2699 812 2732 varias
828 2708 882 2731 res
897 2707 975 2732 ocn-

278 2751 319 2786 li·
335 2754 530 2793 perceptas.

728 208 869 240 No'rAE
903 206 1166 240 vAmoRUM
1201 207 1251 239 IN

1057 305 1121 335 189
1143 302 1255 334 Aulaeo
1281 301 1480 343 premuntur]
1516 301 1620 334 Varie
1645 302 1709 334 hoc

1013 357 1189 394 exponunt
1206 352 1269 383 viri
1284 351 1424 388 eruditi.
1445 351 1548 393 idque
1562 351 1607 383 ob
1622 353 1710 384 vari-

1014 412 1069 434 um
1084 404 1252 434 auloeorum
1276 402 1309 433 in
1331 411 1435 433 scena
1450 410 1556 433 nsum.
1599 401 1711 434 Auzea

1014 453 1120 493 igitur
1150 463 1192 484 ex
1223 452 1384 485 Attalicis
1415 451 1536 493 opibus
1567 451 1711 484 Romam

1015 503 1172 540 advecta,
1196 503 1285 544 quod
1314 503 1368 534 vel
1393 501 1544 543 parietes
1569 501 1712 533 ornandi

1015 554 1068 585 vel
1100 554 1200 586 etiam
1231 553 1380 595 pulveris
1413 551 1551 584 arcendi
1579 550 1725 591 caussas

1015 613 1077 646 per
1104 605 1211 644 aulas,
1237 604 1302 635 hoc
1328 609 1393 643 est,
1416 602 1558 634 divitum
1584 602 1715 643 domos,

1015 653 1223 695 potissimum
1237 653 1530 694 conspicerentur,
1543 652 1592 684 sic
1602 651 1713 691 dicta3

1014 705 1049 736 in
1061 714 1197 736 scenam
1213 713 1349 746 quoque
1367 712 1512 735 venere:
1528 702 1606 734 ideo
1621 711 1715 734 max·

1014 754 1081 786 ime
1102 759 1141 786 ut
1155 760 1236 786 ante
1261 753 1438 786 exordium
1464 751 1589 784 fabulae
1612 762 1714 784 scena

1014 804 1062 836 eis
1091 805 1289 836 velaretur:
1323 808 1467 845 repente
1497 802 1643 835 demissa
1672 813 1713 835 ac

1013 855 1105 886 humi
1120 859 1243 894 strata,
1259 864 1335 886 cum
1356 854 1541 896 prodibant
1557 860 1714 892 actores;

1014 905 1218 947 sublataque
1234 905 1357 937 iterum
1371 905 1453 937 etin
1466 905 1573 936 altum
1586 907 1713 936 attrac-

1015 959 1062 996 ta,
1075 954 1173 987 finita
1192 956 1265 997 jam
1287 956 1434 987 actione.
1467 954 1594 987 ‘Tolli’
1610 955 1717 996 igitur

1015 1009 1052 1037 et
1081 1006 1092 1023 ⁴
1110 1006 1218 1047 premi
1247 1005 1372 1037 aulaea’
1406 1005 1579 1038 contraria
1607 1009 1715 1036 sunt:

1016 1059 1216 1094 premuntur
1251 1064 1327 1086 cnm
1353 1055 1472 1095 jacent
1497 1054 1589 1086 inter
1614 1064 1717 1095 agen·

1017 1103 1119 1135 dum:
1150 1104 1319 1136 tolluntur
1340 1108 1480 1145 peracta
1494 1104 1566 1145 jam
1588 1103 1718 1136 fabula.

1017 1153 1076 1185 Sic
1099 1153 1188 1184 enim
1213 1153 1257 1184 ad
1272 1153 1449 1185 -Pisonesz
1473 1153 1529 1185 ‘Si
1551 1153 1718 1194 plausoris

1019 1211 1099 1243 eges
1114 1203 1223 1234 auloea
1237 1203 1419 1244 manentis,
1429 1207 1465 1235 et
1479 1213 1586 1245 usqne
1600 1204 1719 1236 Scasu-

1020 1253 1061 1294 ri,
1071 1253 1180 1284 donec
1191 1258 1324 1292 cautor,
1333 1253 1412 1286 Jam
1424 1254 1590 1295 plaudite,
1605 1254 1722 1286 dicat!

1020 1302 1109 1334 Nam
1132 1308 1249 1334 manet
1262 1304 1370 1334 anlaea
1386 1304 1444 1345 qni
1459 1310 1625 1345 expectat
1639 1305 1719 1336 dnm

1019 1352 1142 1384 iterum
1170 1354 1346 1394 tollantur,
1376 1353 1466 1395 quod
1494 1363 1640 1395 sequens
1672 1354 1720 1386 ibi

1019 1411 1137 1434 versus
1154 1401 1336 1434 manifesto
1356 1402 1581 1435 demonstrat.
1627 1403 1719 1437 Qua-

1018 1458 1097 1484 tuor
1113 1453 1220 1493 igitur
1243 1457 1281 1484 ut
1306 1453 1478 1485 minimum
1494 1453 1583 1485 horis
1599 1454 1655 1495 agi
1670 1453 1722 1486 fa-

1018 1502 1132 1534 bulam
1147 1503 1231 1534 dicit
1254 1503 1431 1542 Horatius,
1455 1503 1616 1544 quamdiu
1633 1505 1722 1536 scili-

1019 1558 1075 1585 cet
1105 1554 1212 1585 anlaea
1232 1558 1368 1585 cessant
1394 1563 1435 1585 ac
1458 1558 1567 1585 strata
1587 1554 1722 1595 jacent.

1019 1613 1129 1646 neque
1145 1603 1368 1636 attolluntur:
1385 1613 1453 1645 qno
1466 1605 1628 1645 temporis
1644 1615 1722 1646 spa-

1019 1652 1070 1685 tio
1085 1662 1161 1685 cum
1179 1662 1232 1689 ea,
1257 1663 1335 1695 quae
1357 1653 1511 1695 subjicit,
1530 1655 1725 1695 spectanda·

1020 1703 1255 1744 praebeantur,
1269 1705 1414 1737 excitari
1431 1706 1611 1743 clamores,
1627 1707 1722 1738 colli-

1021 1752 1056 1784 di
1087 1763 1218 1794 manus‚
1245 1755 1408 1795 occupari
1436 1755 1580 1794 animos,
1609 1754 1658 1787 ita
1683 1761 1723 1787 ut

1022 1802 1143 1840 Poetae
1155 1803 1212 1835 vix
1221 1803 1414 1836 audiantur.
1457 1803 1606 1836 Tui-neb.
1617 1812 1721 1837 xxvi.

1022 1856 1075 1885 25.
1100 1855 1245 1886 Torreat.
1289 1853 1419 1895 Auzea]
1441 1853 1571 1886 Anlaeis
1591 1854 1726 1900 intege-'

1023 1903 1149 1935 bantur
1169 1904 1317 1935 Theatra
1342 1904 1384 1934 ad
1401 1903 1583 1935 arcendum
1598 1904 1724 1936 Solem.

1022 1953 1217 1984 Premuntur
1231 1954 1266 1984 in
1280 1953 1386 1993 horas]
1409 1953 1679 1993 Complicantnr.
1724 1959 1729 1965 ‘

1066 2005 1128 2034 190
1151 2003 1238 2034 Dum
1259 2002 1395 2042 fugiunt
1425 2002 1562 2043 equitum
1592 2004 1722 2045 tum]

1021 2051 1110 2083 Sunt
1125 2052 1182 2093 qni
1197 2052 1240 2083 ad
1255 2052 1265 2070 ‘
1277 2052 1476 2093 Pyrrhicam
1492 2052 1728 2084 saltationem'

1022 2101 1085 2133 lioc
1106 2101 1270 2142 reserant,
1287 2111 1371 2143 quos
1384 2106 1423 2133 ut
1435 2100 1591 2133 refellere
1606 2103 1725 2143 nolim,

1023 2151 1112 2193 quod
1140 2153 1244 2184 sciam
1274 2151 1443 2183 Romanos
1466 2161 1508 2183 eo
1533 2152 1723 2183 saltationis

1022 2210 1148 2241 genere
1159 2201 1338 2241 plurimum
1353 2201 1518 2233 oblectari
1533 2201 1663 2240 solere3
1675 2202 1725 2234 sic

1022 2251 1103 2282 mihi
1120 2251 1310 2292 ignoscant,
1326 2251 1352 2282 si
1368 2250 1483 2282 malim
1493 2250 1620 2293 aliquid
1632 2251 1722 2292 quod

1022 2299 1065 2332 ad
1082 2298 1204 2332 fabnlae
1216 2304 1452 2341 argumentum
1462 2305 1610 2341 spectet.
1633 2300 1723 2332 Nam

1023 2349 1067 2381 de
1082 2350 1224 2382 scenicis
1240 2349 1331 2382 ludis
1346 2349 1456 2381 Poeta
1465 2350 1640 2391 loquitnr;
1654 2349 1724 2382 fre-

1024 2404 1170 2440 quenter
1183 2404 1297 2431 autem
1316 2399 1350 2431 in
1372 2399 1565 2440 Tragoediis
1581 2400 1723 2432 actitan-

1025 2447 1077 2480 dis
1104 2447 1186 2481 belli
1211 2449 1390 2480 simulacra
1404 2448 1723 2489 interponebantur,

1025 2502 1064 2530 ut
1091 2502 1221 2530 taceam
1259 2498 1453 2530 Comoedias
1483 2507 1620 2540 quoqne
1646 2501 1723 2531 sna'a

1024 2548 1195 2580 interdum
1209 2547 1334 2579 habere
1350 2547 1440 2579 rixas
1455 2556 1496 2579 ac
1512 2547 1642 2588 praelia.
1665 2549 1723 2580 Ri-

1026 2598 1086 2631 det
1109 2599 1215 2640 igitur
1240 2598 1459 2630 suavissimns
1485 2597 1607 2635 Poeta,
1632 2599 1722 2641 qnod

1026 2649 1101 2681 loco
1117 2649 1244 2681 fabulae
1260 2649 1450 2690 triumphus
1465 2647 1644 2689 agebatur,
1658 2649 1729 2681 dis*

1026 2704 1138 2730 tracto
1158 2699 1199 2730 ab
1221 2698 1398 2730 utilissima
1426 2697 1592 2739 poematis
1616 2699 1724 2731 consi-

971 2768 974 2772 «
1028 2748 1219 2789 deratione,
1246 2749 1288 2782 ad
1320 2748 1531 2781 vanissimam
1565 2757 1722 2790 pompam
