1858 3184
343 144 368 182 ά

250 219 363 263 1812

249 332 351 357 rure:
375 331 439 364 ego
454 322 596 354 evellam
612 330 655 353 ex
670 321 793 353 animo.
825 319 882 351 Ita
897 319 947 350 in-

249 378 305 407 ter
326 383 386 405 nos
410 377 590 409 certemus,
607 380 647 402 ac
667 370 854 410 videamus,
871 372 948 400 uter

250 423 370 456 melior
394 421 525 455 futurus
550 421 607 461 sit,
629 430 672 452 an
694 419 872 457 Horatius,
891 418 948 458 qui

250 483 296 506 ex
311 473 421 505 animo
437 473 551 513 spinas
575 470 705 507 evellit,
720 479 761 500 an
781 478 837 500 rus
860 468 948 509 ejus,

250 534 271 556 e
286 533 354 566 quo
367 527 402 555 tu
411 522 524 563 spinas
537 520 666 552 evellis.
684 519 842 550 Heinsius.
878 519 949 549 Me-

249 573 312 605 lior
324 573 367 604 sit
383 571 551 611 Horatius,
561 579 602 600 an
615 569 679 609 res]
704 568 780 600 Hoc
797 572 864 607 est,
879 577 948 599 me-

246 622 360 653 liorne
374 630 413 652 ac
425 619 548 651 cultior
562 628 622 649 sua
633 617 736 658 ipsius
752 626 832 648 cura
847 621 950 658 atque

250 681 369 713 opera,
385 680 485 712 quam
500 669 623 701 fundus
637 669 708 709 ejus
724 672 760 699 et
781 667 950 708 possessio

250 725 323 752 tua.
367 720 430 752 Rei
455 720 544 751 enim
568 717 769 758 significatio
786 717 951 757 generalis

250 776 316 802 est.
346 770 459 802 Aliter
474 774 587 801 tamen
600 767 793 800 Lambinus.
811 767 951 798 Torrent-

253 822 307 853 Δη
321 819 387 860 res]
408 819 465 851 An
480 818 635 860 Agellus.

292 873 314 902 6
336 869 471 909 Lamz'ae]
501 869 595 900 Duos
623 867 769 907 Augusti
801 870 952 907 tempore

251 919 402 959 Lamias,
419 917 558 950 Lucium
584 921 622 948 et
644 914 855 954 Quinctium,
871 924 952 955 quos

251 968 378 1001 fratres
394 967 502 999 fuisse
519 967 573 998 hic
587 967 682 998 locus
697 965 836 996 indicat.
862 965 951 996 Torr.

251 1018 372 1050 Lamioe
396 1017 516 1058 pietas]
542 1015 619 1047 AElii
649 1015 790 1053 Lamiae,
819 1014 860 1046 de
885 1023 952 1055 quo

250 1066 395 1100 m.0d.
426 1069 479 1098 17.
522 1064 686 1104 Moratur]
717 1065 834 1096 Romae
865 1063 952 1095 deti-

253 1121 325 1149 net.

294 1169 314 1198 7
338 1165 444 1206 Rapta
459 1165 497 1197 de
510 1163 634 1204 fratre]
657 1163 713 1195 Ob
728 1161 867 1194 fratrem
892 1162 953 1193 irn-

251 1221 383 1248 matura
399 1220 508 1247 morte
523 1214 704 1246 sublatum.

293 1269 314 1297 8
338 1264 565 1304 Insolabiliter]
590 1264 638 1294 Ut
651 1263 779 1294 nullum
796 1261 954 1293 admittat

250 1317 419 1348 solatium.
464 1314 565 1355 Istuc]
590 1314 631 1345 In
648 1322 774 1354 agrum.

294 1369 316 1398 9
339 1365 434 1406 Fert]
461 1364 567 1395 Ducit
579 1373 643 1395 me.
689 1363 734 1393 Et
749 1361 954 1402 amatspatiis

250 1415 407 1447 obstantia
431 1413 588 1455 rumpere]
609 1414 653 1444 Et
675 1412 773 1453 cupit
795 1421 952 1452 rumpere

250 1465 402 1507 spatiosa
413 1465 574 1503 claustra,
585 1462 619 1494 id
637 1466 702 1501 est,
714 1471 829 1493 omnes
845 1471 953 1493 moras

251 1520 290 1547 et
318 1514 565 1556 impedimenta
590 1512 790 1554 praecidere.
834 1511 956 1552 spatiis

249 1565 408 1597 obstantia
431 1574 573 1605 rumpere
598 1562 750 1603 claustra]
773 1563 889 1594 Ducta
910 1561 954 1593 ab

252 1615 349 1656 equis
366 1614 584 1646 Circensibus
601 1613 816 1653 Metaphora.
859 1611 953 1643 Circi

251 1664 342 1695 enim
367 1664 479 1705 spatia
496 1663 653 1703 dicimus,
679 1667 716 1694 et
738 1662 844 1703 ipsam
861 1660 953 1693 Circi

250 1714 445 1754 planiciem,
460 1714 496 1745 in
513 1723 614 1755 quam
628 1722 647 1744 e
664 1711 859 1744 carceribus
874 1710 953 1751 equi

253 1764 408 1805 gestiunt
438 1772 630 1804 erumpere,
664 1767 701 1793 et
735 1761 954 1793 decursiones

252 1814 330 1845 illas
355 1824 430 1855 quae
453 1813 592 1854 singulis
615 1811 774 1844 missibus
799 1814 954 1851 septenae

252 1863 519 1904 peragebantur.
555 1863 698 1892 Tor-rent.
750 1861 871 1900 Spatiis
902 1861 953 1891 ob-

250 1911 384 1952 stantia]
407 1911 492 1942 Loci
515 1910 680 1941 distantia
704 1913 739 1940 et
760 1909 953 1948 intercape-

252 1961 331 1992 dine
362 1960 528 2001 sejuncta.
553 1959 649 1999 Cruq.
698 1957 861 1998 Claustra]
887 1958 953 1989 Re-

251 2011 378 2052 pagula
394 2010 449 2041 vel
464 2018 631 2041 carceres.

296 2062 336 2091 12
359 2059 484 2090 Stultus
513 2055 656 2097 uterque]
680 2056 725 2088 Et
750 2065 786 2087 se
811 2060 848 2087 et
869 2055 953 2087 villi·

252 2118 329 2141 cum
360 2107 514 2140 stultitiae
545 2115 639 2137 reum
666 2104 773 2144 facit3
796 2105 952 2147 quoniam

250 2158 326 2190 loco
342 2157 521 2193 tribueret,
541 2155 629 2197 quod
647 2155 688 2187 ab
705 2155 817 2186 animo
832 2159 952 2196 peten-

251 2208 332 2241 dum
347 2209 404 2240 sit.
452 2208 672 2240 Demonstrat
692 2210 805 2237 tamen
822 2214 857 2236 se
873 2214 952 2236 con-

252 2259 449 2291 stantiorem
475 2266 561 2289 esse.
597 2256 742 2288 Tor-rent.
798 2256 953 2286 causatur

250 2309 371 2350 inique]
388 2308 595 2341 Criminatur
606 2307 731 2347 locum,
742 2306 800 2348 qui
811 2315 876 2337 non
888 2315 954 2337 me-

252 2363 346 2391 retur
360 2359 488 2391 odium.

298 2412 338 2441 13
369 2409 434 2445 Qui
446 2418 479 2440 se
492 2418 554 2440 non
566 2407 697 2449 effugit]
721 2405 811 2438 Vide
827 2415 868 2438 ιι.
884 2405 953 2438 Od.

255 2463 307 2492 16.
332 2460 342 2477 ‘
355 2459 483 2492 Patriae
498 2459 574 2501 quis
590 2459 671 2490 exul
691 2459 734 2490 Se
749 2466 886 2498 quoque
901 2455 952 2487 fu-

255 2509 305 2548 git
313 2508 335 2539 ?’
373 2510 437 2545 Qui
449 2519 482 2540 se
500 2518 560 2541 non
573 2507 690 2550 effugit
706 2505 864 2548 umquam]
886 2505 953 2539 Qui

255 2557 324 2588 loci
340 2558 602 2590 commutatione
626 2566 742 2589 curam
755 2565 821 2588 non
834 2555 953 2597 depel-

255 2605 307 2646 lit,
319 2605 378 2636 sed
395 2615 467 2636 eam
484 2616 598 2637 secum
613 2606 681 2638 fert
698 2609 878 2646 perpetuo.

300 2657 340 2686 14
370 2655 418 2685 Tu
443 2656 662 2696 mediastinus]
692 2656 775 2696 Ipsa
798 2653 954 2686 vocabuli

255 2703 343 2736 ratio
373 2703 596 2744 demonstrat,
619 2704 888 2745 mediastinos,ab
911 2712 952 2735 eo

256 2754 346 2797 quod
371 2751 406 2786 in
421 2753 531 2786 medio
548 2754 701 2786 omnibus
718 2754 864 2796 expositi
883 2758 952 2787 sta-

702 227 848 260 NOTAE
879 224 1146 257 VARIORUM
1182 223 1234 254 IN

997 322 1075 350 rent
1090 318 1139 350 sic
1153 317 1274 356 dictos,
1284 324 1349 348 non
1366 315 1451 347 certi
1466 314 1608 356 alicujus
1617 313 1691 348 offi-

997 370 1041 402 cii
1065 379 1179 402 servos
1205 368 1322 408 fuisse,
1345 367 1405 400 sed
1421 367 1505 399 varii
1519 375 1561 398 ac
1579 367 1694 399 multi-

998 420 1095 461 plicis
1125 429 1215 458 usuS,
1239 429 1280 451 ac
1301 417 1442 460 proinde
1468 416 1595 449 ceteris
1614 415 1693 448 ‘fere

998 469 1151 501 viliores:
1176 470 1294 510 quales
1317 469 1374 510 qui
1394 468 1428 499 in
1451 466 1581 499 balneis
1602 465 1695 498 ther-

997 521 1129 561 misque
1155 519 1404 551 ministrabant.
1459 518 1508 550 Hi
1536 517 1637 555 enirn,
1666 515 1695 548 si
1726 557 1732 562 .

999 570 1112 602 Nonio
1127 579 1167 600 ac
1180 569 1356 600 Prisciano
1367 567 1547 605 credimus,
1557 564 1696 607 proprie

999 619 1077 651 olim
1093 618 1157 650 hoc
1181 617 1345 649 vocabulo
1364 614 1696 657 comprehendeban-

1000 671 1078 699 tur:
1103 677 1303 709 quamquam
1331 677 1396 698 usu
1417 666 1575 706 obtinuit,
1599 670 1640 697 nt
1660 665 1696 698 in

1001 717 1131 749 aedibus
1146 727 1281 759 quoque
1298 717 1464 758 villisque,
1476 716 1532 758 qui
1548 726 1697 748 commu-

1001 777 1077 799 nem
1093 768 1307 808 praestabant
1327 776 1466 808 operam
1481 771 1583 808 atque
1597 767 1696 799 obse-

1001 818 1129 859 quium,
1149 818 1199 849 sic
1222 818 1487 858 appellarentur.
1531 817 1697 848 Horatius

1001 877 1133 899 servum
1149 868 1237 899 hunc
1252 877 1364 907 suum,
1377 876 1420 901 ex
1435 866 1609 899 balneario
1626 866 1698 898 fae-

1002 921 1073 948 tum
1101 917 1260 957 villicum,
1285 917 1409 948 iterum
1434 920 1554 957 optare
1577 916 1698 948 balnea

1002 971 1039 998 et
1068 966 1187 998 urbem
1215 966 1325 1006 fingit.
1374 965 1524 997 Tur-neb.
1561 973 1699 996 xxvnr.

1001 1019 1056 1048 31.
1081 1017 1222 1048 Tor-rent.
1269 1016 1315 1047 Tu
1328 1015 1546 1056 mdiastinus]
1567 1015 1618 1045 Tu
1630 1023 1700 1045 ser·

1002 1075 1061 1097 vus
1086 1065 1366 1098 laboriosissimus
1388 1070 1426 1097 et
1439 1065 1483 1096 ad
1497 1064 1609 1096 omnia
1622 1063 1698 1095 fere

1001 1115 1189 1147 ministeria
1203 1120 1356 1155 paratus,
1369 1114 1465 1156 quasi
1479 1118 1572 1145 stans
1583 1113 1618 1144 in
1629 1122 1699 1144 me-

1001 1165 1058 1197 dio
1071 1165 1227 1206 petebas,
1240 1167 1307 1197 &c.
1353 1164 1462 1195 Tacite
1474 1162 1580 1203 prece]
1591 1162 1699 1195 ‘Servi

1001 1214 1162 1246 decorum
1177 1218 1293 1246 servat
1307 1215 1411 1246 tacite
1425 1212 1586 1255 optantis,
1608 1213 1699 1254 qnod

1001 1265 1028 1296 si
1045 1265 1154 1306 palam
1171 1268 1281 1305 petat,
1290 1263 1434 1295 fortasse
1449 1263 1598 1304 vapulet.
1625 1262 1700 1295 Tor-

999 1317 1083 1346 rent.

1045 1366 1086 1395 16
1110 1364 1164 1395 Me
1189 1367 1341 1403 constare,
1361 1364 1433 1405 ὁμὴ]
1453 1364 1596 1405 Semper
1617 1373 1699 1396 eun-

1002 1413 1078 1446 dem
1109 1423 1197 1446 esse.
1240 1414 1409 1446 Discedere
1439 1414 1578 1455 tristem]
1605 1415 1699 1446 Rure

1001 1464 1189 1496 discedere.

1045 1517 1086 1546 18
1109 1515 1183 1546 Non
1194 1516 1300 1546 eadem
1309 1514 1476 1555 miramur]
1495 1514 1573 1547 Nou
1585 1514 1701 1546 delec-

1003 1569 1116 1596 tamur
1145 1565 1278 1598 iisdem.
1320 1566 1369 1595 Eo
1388 1564 1578 1596 disconvenit
1599 1564 1700 1605 inter]

1003 1614 1088 1646 Ideo
1102 1624 1170 1646 non
1185 1615 1354 1646 convenit.

1048 1667 1089 1696 19
1111 1664 1271 1705 Inhospita
1296 1664 1418 1704 tesqua]
1443 1663 1543 1695 Hanc
1564 1662 1700 1704 quidem

1003 1715 1208 1755 scripturam
1239 1719 1376 1746 servant
1403 1713 1487 1749 libb.
1522 1713 1604 1745 Mss.
1633 1722 1705 1744 om·

1003 1773 1087 1796 nest
1109 1763 1170 1795 sed
1193 1766 1278 1795 tesca
1303 1762 1484 1804 legendum
1505 1771 1592 1804 esse,
1605 1761 1703 1803 quasi

1003 1818 1108 1847 tusca
1123 1814 1232 1854 dicas,
1254 1824 1275 1845 a
1297 1814 1437 1853 tuendo,
1457 1817 1496 1845 et
1507 1813 1619 1844 Varro
1638 1821 1701 1844 nos

1004 1865 1134 1900 docuit,
1162 1868 1199 1895 et
1227 1863 1384 1905 sequitur
1412 1863 1548 1895 Festus.
1591 1863 1702 1894 Vetus

1003 1913 1152 1944 Lexicon
1177 1916 1297 1952 tesqua,
1312 1913 1625 1952 interpretaturque
1647 1923 1702 1944 uca—

1002 1961 1171 2002 τάκρημνοι
1199 1960 1251 1992 καὶ
1275 1959 1383 2001 ῥάχειε
1401 1960 1461 1992 καὶ.
1476 1959 1581 2002 ἔρημοι
1598 1960 1702 1994 τόποι.

1003 2011 1162 2052 Augures
1189 2020 1271 2042 vero
1299 2010 1418 2042 eadem
1445 2009 1554 2042 ferme
1583 2013 1702 2052 tesqua,

1004 2069 1079 2102 quae
1093 2065 1130 2092 et
1144 2062 1258 2101 templa
1274 2059 1451 2101 vocabant,
1466 2060 1544 2092 loca
1558 2061 1702 2102 augurio

1003 2110 1193 2151 designata,
1209 2120 1351 2152 quorum
1376 2110 1512 2142 termini
1527 2119 1603 2142 cum
1625 2109 1702 2142 fere

1003 2160 1144 2200 rupibus
1171 2160 1335 2201 silvisque
1365 2168 1406 2191 ac
1429 2158 1598 2191 montibus
1627 2158 1703 2191 fini-

1003 2215 1134 2250 rentur,
1149 2208 1275 2241 factum
1289 2208 1370 2241 inde
1383 2213 1422 2240 ut
1437 2209 1568 2240 inculta
1588 2209 1703 2242 omnia

1003 2269 1043 2291 ac
1053 2259 1187 2291 deserta
1198 2262 1282 2291 tesca
1291 2259 1556 2300 appellarentur.
1578 2257 1704 2290 Exem-

1004 2309 1062 2349 pla
1087 2308 1177 2349 apud
1199 2309 1349 2341 Festum.
1383 2309 1525 2340 Tor-rent.
1569 2307 1704 2350 Tesqna]

1003 2359 1096 2390 Loca
1110 2367 1242 2397 aspera,
1256 2358 1382 2389 inculta
1396 2361 1433 2390 et
1445 2357 1626 2389 senticosa.

1046 2410 1088 2438 20
1111 2407 1236 2439 Mecum
1249 2407 1303 2448 qui
1324 2407 1437 2448 sentit]
1459 2406 1528 2441 Qui
1546 2406 1701 2440 solitudi-

1003 2465 1080 2488 nem
1092 2461 1195 2497 amat‚
1208 2457 1297 2488 sicut
1312 2466 1389 2498 ego.

1045 2508 1085 2537 21
1109 2506 1234 2538 For-uix
1261 2505 1336 2546 tibi]
1357 2505 1525 2546 Ganeum,
1546 2506 1701 2548 lupanar.

1008 2557 1109 2588 Uncta
1128 2555 1259 2598 popina]
1281 2555 1417 2597 Popins
1433 2556 1587 2588 omnibns
1602 2556 1700 2590 obso-

1003 2605 1068 2637 niis
1083 2607 1195 2646 plena.

1045 2658 1087 2687 22
1110 2655 1288 2695 Incutiunt]
1318 2655 1496 2697 Injiciunt.
1539 2655 1587 2688 Ee
1609 2657 1701 2697 quod,

1001 2705 1072 2746 mu]
1089 2704 1176 2736 Haec
1189 2705 1292 2737 verba
1303 2709 1382 2738 sunt
1392 2705 1605 2747 accipienda,
1617 2714 1699 2747 qus·

1003 2755 1031 2787 si
1057 2764 1077 2787 a
1097 2754 1210 2788 villico
1234 2759 1376 2796 propter
1397 2754 1469 2797 agri
1483 2754 1697 2788 sterilitatem
