1858 3184
231 208 343 252 1864

275 314 351 347 bat:
368 324 512 356 quarum
528 324 594 347 rina
609 315 772 348 convenit
787 326 864 348 cum
879 317 930 349 liis

274 364 422 397 Nasonis
452 365 585 400 verbis:
617 367 798 399 ‘Carmina
821 377 932 400 seces-

236 439 238 442 ψ
273 425 345 450 sum
373 416 557 449 scribentis
586 422 624 448 et
654 417 725 449 otia
752 418 934 460 quaerunt.’

275 466 432 507 Denique
443 466 596 508 quamvis
612 466 734 499 Poe'tae
748 469 849 510 vulgo
861 478 932 500 mu-

275 515 343 547 tuis
382 515 539 547 laudibus
573 525 610 546 se
651 522 790 558 ornent,
824 519 931 550 multa

272 565 429 605 componi
447 565 488 596 ab
515 565 598 605 illis,
613 575 690 607 quae
716 567 840 600 merito
860 569 931 601 risu

273 614 501 654 excipiantur.
546 614 677 648 Contra
694 626 784 658 vero,
794 618 837 650 ad
849 619 931 651 scri·

273 666 422 699 bendum
450 667 639 710 legitimum
665 668 806 706 PoeIma.
826 671 929 712 pluri-

273 725 329 748 ma
358 717 488 759 requiri
513 729 521 750 ε
561 728 633 751 rem
663 719 779 761 magni
805 719 932 752 laboris

273 776 363 809 esse,
391 772 429 800 et
455 778 532 810 quoe
559 769 707 801 animum
733 770 839 802 ctiam
860 774 932 803 tor-

272 823 401 858 queat:
428 822 465 850 at
480 818 545 851 sibi
569 828 636 851 non
660 820 749 852 tanti
775 828 864 861 esse,
879 830 933 853 sa-

274 868 426 908 pientem
456 870 660 911 scriptorem
682 866 817 903 haberi.
859 871 932 904 Sibi

272 917 392 959 igitur,
412 929 517 962 quum
533 920 607 961 jam
624 926 801 962 provectae
817 921 932 955 aetatis

273 970 332 1010 sit,
346 970 388 1003 ad
415 971 499 1004 alios
515 981 675 1004 numeros
696 973 842 1005 animum
859 982 933 1006 esse

273 1022 537 1062 appellendum:
567 1023 725 1055 nimirum
752 1023 796 1055 ad
816 1033 934 1056 nume-

275 1080 330 1103 ros
364 1077 402 1104 et
428 1077 542 1105 artem
571 1073 653 1105 vitas
680 1073 770 1106 bene
794 1074 933 1107 institu-

273 1121 381 1155 enda».
426 1122 544 1165 Atque
566 1123 654 1155 adeo
678 1134 716 1156 se
732 1123 804 1165 jam
831 1124 866 1156 in
891 1133 934 1157 eo

273 1177 406 1204 tantum
445 1182 535 1214 esse,
565 1178 603 1205 ut
642 1173 789 1207 fruendo
825 1174 934 1207 modi-

273 1223 322 1254 cis
337 1223 474 1264 opibus,
492 1234 568 1265 quae
585 1224 720 1262 adsunt,
734 1223 848 1258 discat
862 1235 934 1258 ma·

267 1273 364 1313 jon-es
390 1283 456 1305 non
485 1275 747 1316 concupiscere.
801 1276 934 1308 Verum

272 1322 315 1354 ad
333 1323 422 1354 bene
438 1323 607 1365 beateque
627 1324 810 1357 vivendum
826 1325 933 1368 (quod

273 1378 378 1405 vocat
400 1379 494 1406 recte
510 1374 647 1416 vivere)
667 1384 735 1407 non
758 1376 841 1407 satis
857 1386 934 1409 esse

272 1433 391 1455 carere
411 1424 567 1460 avaritia.
590 1425 656 1456 sed
676 1429 806 1457 caetera
827 1426 933 1459 etiam

273 1475 388 1506 omnia
405 1475 489 1507 vitia
503 1475 671 1517 extirpari
683 1475 824 1508 debere.

273 1526 331 1557 De
366 1525 430 1558 hoc
458 1526 554 1559 Julio
576 1527 678 1559 Floro
705 1526 852 1559 diximus
871 1528 933 1560 ali-

230 1575 312 1617 quid
342 1576 498 1617 Epistola
523 1585 583 1609 ur.
638 1577 719 1609 Fuit
747 1582 863 1610 autem
888 1589 932 1611 ex

229 1626 369 1657 cohorte
391 1626 444 1659 Ti.
458 1627 595 1659 Claudii
616 1627 775 1668 Neronis,
796 1638 873 1660 cum
896 1629 931 1661 in

228 1676 442 1709 Pannoniam
465 1681 569 1719 atque
585 1677 784 1713 Armeniam
801 1678 935 1720 profec-

231 1730 285 1757 tus
301 1731 404 1759 esset.
431 1727 575 1759 ron-rent.

275 1781 287 1809 Ι
316 1777 454 1819 Neroni]
473 1778 615 1811 Tiberio
630 1778 777 1812 Claudio
790 1780 934 1819 Neroni,

230 1827 288 1869 qni
311 1829 479 1860 successit
494 1827 666 1870 Augusto.

272 1880 294 1909 2
316 1878 470 1916 Puerum,
496 1879 566 1918 ξω]
598 1880 754 1911 Servum.
797 1880 936 1923 Natum]

229 1927 433 1966 Externum,
447 1927 512 1959 tibi
523 1927 748 1969 incognitum.

273 1979 293 2007 3
322 1977 364 2008 Et
383 1980 484 2009 tecum
507 1977 662 2019 sia-agat]
685 1978 731 2010 Et
753 1982 868 2010 tecum
884 1979 933 2011 sic

229 2026 403 2067 loquatur.
449 2028 561 2059 Tecum
586 2028 634 2059 sic
658 2032 749 2069 agat,
777 2027 850 2069 dun]
874 2029 933 2061 Μί-

228 2086 324 2114 μησις
347 2076 447 2118 longe
473 2077 692 2117 pulcerrima,
713 2087 780 2119 qua
792 2088 932 2118 mango-

229 2134 308 2157 nem
323 2135 454 2157 summo
469 2125 616 2158 artificio
627 2127 804 2168 exprimit.
848 2128 932 2169 Hic]

230 2175 300 2208 Hic
317 2184 436 2207 servus
449 2176 617 2208 candidus
633 2177 841 2221 est,(inquit
852 2189 931 2211 ven-

232 2224 342 2268 ditor)
357 2226 454 2267 cujus
470 2232 550 2259 sunt
570 2227 684 2259 omnia
704 2228 808 2261 verba
825 2239 932 2275 usque

233 2275 276 2307 ad
293 2285 344 2308 vs.
362 2278 414 2308 1¹1.
430 2275 533 2318 hujus
547 2277 726 2319 Epistolae.

273 2330 293 2358 5
319 2326 541 2368 Nummorum]
561 2327 680 2360 Soluto
697 2329 824 2370 pretio.

272 2380 293 2409 6
319 2374 641 2421 Vernu‘ntinisteriis]
662 2379 787 2412 Servus
808 2390 850 2412 ex
873 2390 932 2413 an-

231 2427 311 2460 cilla
324 2437 401 2459 mea
415 2433 526 2461 natus.

273 2480 294 2509 7
317 2478 487 2510 Later-ulis
512 2478 638 2511 Grecis
668 2478 819 2521 imbutus]
844 2480 933 2513 Nam

232 2528 413 2568 plurinmm
441 2528 484 2561 ad
513 2529 843 2563 commendationem
863 2540 933 2563 ser-

232 2578 302 2608 vuli
319 2584 467 2620 spectat,
483 2579 574 2621 quod
593 2589 694 2622 puer,
707 2580 800 2622 quod
817 2590 934 2623 verna,

234 2627 324 2669 quod
341 2628 488 2661 imbutus
512 2630 662 2670 litteris3
685 2631 827 2663 servitia
842 2640 934 2663 nam-

233 2687 300 2718 que
315 2678 445 2709 novitia
462 2679 583 2721 adhuc,
599 2685 635 2712 et
652 2686 741 2714 notai
757 2680 935 2713 educatio-

231 2727 297 2768 nis,
335 2732 508 2769 tamquam
547 2731 744 2763 ministeriis
789 2732 934 2773 aptiora,

231 2778 323 2811 tritis
338 2787 377 2810 ac
393 2779 566 2811 veteribus
591 2786 669 2813 sunt
693 2780 933 2831 praeferenda:

699 222 840 254 NOTAE
875 222 1139 255 vammum
1172 222 1224 253 ΙΝ

982 318 1031 350 ita
1050 318 1093 350 de
1119 319 1259 351 Caesare
1280 317 1490 354 Suetonius:
1508 321 1682 356 ‘Servitia

982 364 1177 402 recentiora
1194 370 1419 412 politioraque
1432 371 1596 404 immenso
1605 382 1683 415 pre-

982 419 1030 450 tio
1061 419 1297 460 comparavit:
1332 420 1473 453 Erudiri
1495 431 1579 463 ergo
1608 430 1683 455 ve'r·

981 478 1042 500 nas
1063 469 1244 511 curabant,
1259 474 1298 502 ut
1321 475 1418 502 tanto
1435 471 1540 512 pluris
1554 471 1683 504 vende*

981 523 1070 551 rent.
1097 519 1242 551 Torreat.
1288 520 1457 553 Litterula's
1482 521 1608 555 Grecis
1627 522 1686 555 ian-
1706 555 1711 560 ,

980 568 1087 609 butus]
1099 569 1303 602 Eruditione
1316 570 1478 604 imbutus.
1509 571 1600 604 Nam
1609 581 1683 605 ver-

981 628 1033 650 nae
1049 619 1236 651 liberaliter
1259 621 1539 666 instituebantur,
1560 627 1599 655 ut
1622 622 1684 656 do-

980 669 1080 701 minis
1095 674 1210 702 essent
1226 671 1397 703 utiliores.

1023 722 1045 752 8
1067 720 1194 760 Arguta
1225 721 1363 762 quidvis]
1395 721 1538 764 Argillae
1567 723 1686 757 similis

982 774 1036 802 est
1065 770 1159 802 rudis
1187 775 1287 811 aetas,
1309 772 1418 813 primo
1437 773 1576 815 quidem
1601 774 1685 816 fingi

982 824 1096 861 potest
1106 820 1189 853 dum
1205 825 1326 854 tenera
1340 827 1532 862 est,verum
1547 824 1606 856 ubi
1622 824 1686 856 dn·

981 871 1052 903 ruit
1077 871 1264 912 ingenium,
1291 882 1357 904 non
1376 872 1481 905 facile
1505 874 1685 916 refingitur

981 920 1016 953 in
1046 921 1194 954 alienam
1223 923 1386 964 speciem.
1409 919 1572 955 Erasmus.
1619 924 1685 956 Ar·

977 971 1060 1012 gilla
1078 971 1218 1012 quiduis]
1242 972 1284 1004 In
1299 972 1394 1004 molli
1419 973 1558 1014 ingenio
1583 974 1684 1016 hujus

981 1021 1079 1063 pueri
1093 1021 1228 1064 quidvis
1242 1022 1429 1064 exprimes,
1445 1023 1550 1056 sicuti
1571 1034 1615 1057 ex
1631 1034 1686 1056 ar·

980 1071 1062 1111 gilla
1087 1070 1260 1112 quidlibet
1282 1072 1430 1117 simules.
1484 1073 1683 1114 Initaberiae]

980 1120 1036 1152 Sic
1048 1120 1184 1162 quidem
1197 1126 1266 1154 tres
1276 1122 1385 1154 nostri
1394 1122 1481 1156 Mn.
1489 1123 1550 1156 aed
1565 1124 1681 1165 plnres

982 1175 1159 1212 receptam
1189 1172 1373 1206 lectionem
1405 1179 1556 1215 servant,
1576 1177 1685 1210 imita·

981 1220 1087 1254 bitur.-
1101 1225 1140 1254 ut
1155 1231 1242 1263 puer
1255 1222 1322 1255 iste
1336 1233 1404 1256 una
1426 1234 1506 1258 cnm
1521 1226 1686 1260 litterulis

981 1272 1150 1313 plasticen
1165 1274 1271 1305 etiam
1284 1274 1420 1307 discere
1441 1277 1602 1319 coeperit,
1627 1281 1687 1310 aut

981 1322 1026 1353 ad
1050 1332 1125 1354 earn
1150 1328 1276 1355 natura
1296 1324 1467 1359 ducatur:
1491 1336 1568 1368 quae
1602 1337 1685 1360 sane

980 1372 1224 1414 interpretatio
1239 1374 1318 1406 milii
1335 1384 1403 1406 non
1417 1375 1591 1418 displicet.
1612 1378 1685 1410 Sed

982 1423 1147 1455 reclamat
1196 1423 1383 1456 Lambinus
1427 1435 1505 1458 curu
1551 1426 1686 1469 aliquot

982 1472 1082 1512 aliis;
1119 1473 1177 1515 qui
1203 1483 1346 1514 puerum
1379 1475 1507 1516 argine
1533 1475 1686 1510 conferri

982 1524 1124 1560 malunt,
1161 1524 1253 1562 unde
1288 1525 1425 1567 quidvis
1453 1525 1536 1568 fingi
1563 1528 1687 1570 possit,

983 1578 1053 1606 tam
1067 1574 1159 1606 molli
1174 1580 1211 1607 et
1225 1573 1382 1609 flexibili.
1409 1577 1537 1609 Verum
1553 1578 1588 1611 id
1604 1585 1685 1612 ante

983 1623 1067 1656 satis
1092 1630 1325 1666 expresserat,
1346 1636 1424 1659 cum
1447 1628 1592 1662 cuilibet
1618 1632 1686 1662 arti

983 1673 1140 1705 idoneum
1155 1674 1267 1707 dixit:
1292 1675 1354 1708 sed
1371 1676 1475 1709 nolim
1490 1679 1687 1717 contentio-

982 1732 1039 1755 sus
1055 1733 1130 1756 esse
1144 1734 1155 1764 ;
1177 1734 1256 1757 nam
1273 1725 1496 1761 idoneitatem
1511 1728 1604 1761 illam
1621 1729 1687 1761 luti

983 1774 1207 1808 similitudine
1222 1777 1472 1819 comprobavit.
1508 1778 1626 1823 Atque
1637 1781 1687 1813 ita

985 1824 1092 1858 Acro.
1111 1826 1256 1860 Tor-rent.

1027 1879 1049 1908 9
1073 1878 1175 1909 Canet
1195 1878 1367 1917 indoctum,
1380 1879 1434 1910 sed
1448 1879 1536 1911 dulce
1550 1879 1686 1924 bibent-⁸]

984 1925 1112 1966 Canet,
1135 1935 1202 1957 non
1219 1926 1310 1968 quod
1333 1933 1409 1959 arte
1431 1928 1607 1970 didicerit,
1623 1931 1685 1963 sed

984 1975 1076 2017 quod
1093 1980 1215 2007 natura
1239 1977 1419 2018 indiderit,
1432 1989 1500 2021 quo
1519 1979 1611 2012 inter
1625 1991 1686 2023 po-

985 2025 1064 2057 cula
1078 2035 1167 2057 nova
1182 2025 1226 2057 ad
1251 2026 1366 2060 vinum
1378 2028 1503 2061 laetitia
1517 2031 1685 2066 accedat:

983 2075 1178 2117 praecipuns
1205 2081 1321 2108 autem
1347 2077 1491 2111 Musicae
1510 2079 1544 2111 in
1570 2082 1687 2114 convi-

984 2125 1047 2157 viis
1061 2135 1157 2166 usus,
1181 2131 1269 2158 teste
1284 2126 1388 2159 etiam
1411 2129 1599 2164 Plutarcho
1615 2142 1624 2164 ε
1649 2137 1687 2165 et

982 2180 1101 2207 notum
1126 2176 1211 2208 illud
1242 2176 1380 2211 Ovidii:
1405 2179 1509 2212 ‘Tum
1533 2181 1687 2215 carmina

982 2226 1059 2258 vino
1076 2226 1247 2259 Laetitiam
1259 2226 1409 2260 faciente
1425 2223 1576 2264 canum!
1609 2232 1687 2265 Nec

984 2277 1085 2309 silere
1110 2277 1212 2309 velim
1228 2277 1261 2309 in
1277 2277 1409 2311 duobus
1433 2281 1686 2322 exemplaribus

982 2327 1067 2369 legit
1088 2327 1220 2368 bidenti,
1248 2336 1310 2368 pro
1341 2328 1481 2368 bibenei;
1516 2340 1583 2372 quo
1608 2341 1686 2364 sen-

983 2387 1022 2409 su
1052 2378 1180 2410 nescio.
1224 2378 1368 2412 Tou-rene.
1427 2380 1604 2419 Indoctm,
1632 2384 1686 2415 aed

983 2427 1087 2469 dulce]
1109 2427 1283 2462 Quiddam
1306 2428 1503 2467 indoctum.v
1515 2430 1590 2463 aine
1604 2433 1686 2464 arti·

984 2477 1075 2518 ticio,
1113 2478 1214 2520 quale
1256 2478 1375 2510 rustici
1404 2487 1529 2512 canere
1564 2481 1686 2514 solent.

984 2529 1133 2570 Bibeuti]
1157 2528 1272 2561 Dulce
1286 2529 1498 2562 convivanti.
1557 2567 1560 2570 ,

1029 2582 1069 2610 10
1106 2579 1214 2611 Multa
1239 2578 1356 2621 fidem]
1400 2579 1587 2622 Postquam
1610 2581 1684 2623 jam

984 2628 1119 2661 abunde
1135 2628 1299 2666 laudavit,
1314 2628 1471 2662 laudasse
1479 2629 1685 2672 dissimulat.

984 2689 1027 2711 ne
1058 2680 1198 2710 nimium
1227 2679 1497 2712 commendando
1520 2685 1684 2717 amtorem

985 2729 1148 2770 decipere
1160 2729 1249 2761 velle
1265 2728 1431 2763 videatur.
1468 2731 1515 2763 Et
1527 2732 1683 2774 quoniam

986 2782 1043 2823 qui
1067 2790 1201 2813 servum
1233 2780 1390 2813 vitiosum
1415 2781 1526 2816 sciens
1555 2782 1686 2825 vendit,
