1858 3184
613 267 677 307 o.
703 265 916 298 nonar-11
950 263 1145 298 succi.
1160 268 1178 271 ”
1489 252 1605 301 1945

173 379 180 383 ·
226 371 329 409 1483
356 367 521 410 Landiui
542 379 616 407 nr.
663 365 816 404 Veneta
847 375 923 403 ιιι.
952 362 1165 400 Horatius:
1206 364 1297 400 cum
1323 364 1605 403 commentario

168 432 262 471 Chr.
283 432 472 471 Laudinit
500 443 569 483 per
594 428 833 481 Magistrum
866 424 1118 478 Raynaldum
1138 423 1188 463 de
1207 423 1444 476 Novimagio
1471 425 1607 464 Alma-

168 508 278 536 uum.
297 497 437 536 Venet.
453 496 569 535 1483.
586 493 657 533 fol.
670 491 867 545 Repetitio
883 496 944 530 est
959 488 1197 528 Florentinae
1210 487 1350 528 altera.
1363 488 1414 528 V.
1428 488 1606 531 Maittar.

167 560 215 600 T.
236 573 254 598 1
258 569 331 612 .'p.
350 562 445 599 445.

226 625 330 663 1484
357 624 509 666 Veneta
543 635 606 663 tv.
653 621 704 666 Q.
724 621 776 659 H.
797 619 841 659 F.
862 619 1008 672 Opera,
1039 631 1129 657 cum
1159 617 1264 657 notis
1298 618 1506 667 variorum,
1539 630 1605 673 ap.

167 687 230 728 Jo.
248 687 484 739 Gryphium.
505 686 647 724 Venet.
667 685 785 724 1484.
813 681 1034 735 Douglasio
1051 687 1301 722 memoratur.

224 751 329 789 1485
353 748 664 789 Mediolanensis
687 759 749 786 vr.
790 746 945 785 Horatii
965 757 1109 797 opera:
1135 758 1227 784 cum
1253 751 1468 785 comment.
1486 712 1609 789 Acro

166 813 229 853 nis
240 819 280 852 et
291 811 586 864 Porphyrionis.
618 811 662 850 ln
674 812 779 850 fine·
799 810 1039 862 Impressum
1053 808 1271 848 Mediolani
1286 821 1609 849 mcccczxxxv.

84 910 88 914 .
162 889 234 928 per
266 876 481 915 Antonium
501 876 681 914 Zarotum
714 873 980 912 Parmensem.
1018 873 1207 925 impensis
1225 873 1440 926 Augustini
1467 873 1606 914 Mariae

162 939 326 991 Conagi.
349 939 434 979 Fol.
489 939 550 978 De
568 951 648 990 qua
664 952 702 977 v.
723 938 965 976 Maittarium
981 944 1022 976 et
1039 937 1199 977 Saxium
1219 937 1250 979 l.
1269 951 1307 978 c.

221 1005 324 1042 1486
351 1002 515 1043 Mediol.
538 1015 622 1042 vu.
643 1002 711 1041 fol.
754 1002 966 1040 Horatius:
997 1014 1085 1040 cum
1106 1008 1361 1040 commentar.
1382 1002 1549 1041 Acronis
1569 1008 1610 1044 et

165 1066 357 1120 Porphyr.
404 1067 449 1105 In
467 1068 570 1105 fine:
599 1067 644 1104 ln
670 1066 828 1104 officina
860 1065 1008 1116 egregii
1041 1065 1187 1104 librarii
1224 1066 1319 1104 Ant.
1355 1066 1483 1105 Zaroti
1513 1065 1610 1104 Par-

165 1131 310 1169 mensis
325 1144 338 1170 :
363 1130 561 1181 impendio
590 1128 804 1167 Alexandri
824 1128 1037 1166 Minutiani
1054 1128 1199 1180 Appuli
1218 1128 1268 1167 de
1289 1129 1436 1168 Sancto
1467 1131 1612 1171 Severo

166 1193 254 1232 hoec
265 1206 385 1245 opera
405 1192 620 1232 Mediolani
633 1192 824 1243 impressa
842 1197 960 1233 sunt:
989 1204 1094 1230 anno
1115 1203 1456 1232 mcccctxxxvr.
1474 1194 1612 1246 quinto

168 1256 263 1295 Idus
284 1256 630 1296 Marfias.—Alex.
651 1255 895 1294 Minutianus
928 1256 967 1294 in
988 1256 1100 1307 praef.
1136 1255 1187 1294 ad
1207 1256 1384 1296 Barthol.
1403 1258 1611 1307 malcum,

169 1319 378 1359 Ducalium
397 1321 643 1359 Secretorum
660 1319 910 1371 Magistrum,
929 1320 968 1357 in
989 1331 1078 1358 arce
1093 1318 1199 1358 Diali
1217 1321 1362 1371 scripta
1378 1320 1503 1372 pridie
1515 1321 1611 1362 Idus

167 1383 335 1422 Martias
351 1395 456 1421 anno
477 1384 596 1422 1486.
614 1382 682 1430 ait,
715 1395 758 1420 se
786 1382 905 1421 libros
925 1382 1060 1421 Flacci
1091 1395 1181 1422 cum
1199 1383 1354 1422 Acrone
1373 1392 1414 1422 et
1433 1384 1614 1438 Porphy-

166 1447 274 1486 rione
293 1446 595 1486 accuratissimis
614 1446 891 1498 interpretibus
919 1445 1174 1498 castigandos
1204 1447 1496 1499 suscepisse—‘
1509 1461 1613 1501 prae-

166 1511 298 1550 sertim
316 1524 405 1550 cum
421 1523 586 1558 vererer,
604 1523 654 1549 ne
673 1510 707 1548 si
739 1510 780 1548 id
800 1510 956 1563 penitus
985 1510 1293 1551 detrectassem:
1323 1510 1533 1563 plurimum
1561 1513 1612 1555 de

167 1575 370 1627 majestate
386 1575 577 1614 Oratiana
594 1574 708 1614 nobis
722 1574 938 1620 tolleretur,
957 1575 1007 1613 ob
1026 1575 1274 1614 temerarium
1288 1582 1331 1614 et
1350 1576 1471 1615 veluti
1490 1577 1614 1615 sacri·

167 1638 298 1691 legum
316 1638 524 1690 cujusdam
542 1645 753 1678 conatum:
781 1639 850 1689 qui
882 1637 1173 1676 recentissimas
1206 1638 1247 1676 in
1279 1639 1467 1677 Flaccum
1491 1639 1615 1679 intera

167 1702 405 1754 pretationes
418 1702 569 1740 edidit:
599 1701 655 1740 de
699 1702 841 1752 quibus
873 1701 1072 1739 verissime
1105 1701 1182 1740 dici
1203 1707 1336 1752 potest
1363 1702 1403 1739 id
1434 1702 1542 1752 quod
1562 1703 1612 1744 de

170 1765 331 1816 Rupilio
367 1777 460 1816 rege
497 1772 631 1802 noster
665 1764 793 1814 inquit
827 1764 988 1802 Oratius
1017 1769 1030 1785 ⁸
1043 1776 1117 1814 pus
1145 1770 1263 1814 atque
1295 1765 1503 1803 venenum’
1531 1772 1612 1805 tam

172 1840 359 1865 sensuum
374 1839 491 1877 quam
510 1828 713 1865 verborum
731 1826 848 1877 hujus
877 1826 1173 1865 eminentissimi
1193 1827 1318 1867 vatis:
1345 1827 1387 1866 id
1405 1829 1513 1880 quod
1538 1830 1616 1874 nisi

174 1890 452 1943 Porphyrionis
468 1889 658 1929 antidotis
672 1903 891 1942 repressum
910 1889 1073 1929 fuisset:
1092 1890 1202 1929 brevi
1218 1896 1326 1929 totus
1344 1893 1617 1938 contabuisset

174 1953 516 1993 Oratius.’-Cum
537 1953 704 1992 Acronis
732 1965 874 1992 comm.
903 1952 988 2004 jam
1019 1966 1088 1992 an.
1111 1954 1228 1993 1474.
1259 1966 1310 1992 ex
1345 1955 1449 1996 offic.
1471 1956 1615 2007 Zaroti,

170 2017 351 2068 idemque
370 2029 460 2055 cum
476 2015 545 2055 illo
564 2016 858 2068 Porphyrionis,
877 2029 972 2055 cura
986 2016 1118 2069 Raph.
1136 2016 1252 2068 Regii
1271 2030 1335 2056 an.
1359 2019 1478 2058 1480.
1497 2026 1538 2059 et
1551 2033 1613 2074 sq.

172 2081 388 2133 iterumque
406 2093 476 2132 per
494 2081 590 2120 Ant.
614 2081 811 2127 Zarotum,
841 2080 1030 2131 impensis
1061 2080 1216 2132 Conagi
1247 2094 1312 2120 an.
1345 2083 1461 2123 1485.
1482 2085 1615 2136 prodi-

170 2144 308 2191 issent,
346 2144 593 2184 Minutianus
629 2144 729 2182 Cod.
781 2143 1095 2196 antiquissimum
1143 2143 1421 2196 Porphyrionis
1457 2154 1613 2197 nactus,

171 2208 302 2248 denuo
318 2209 425 2248 hunc
442 2208 685 2261 recognitum
704 2207 817 2247 dedit
834 2220 900 2259 ap.
932 2207 1102 2247 eundem
1133 2208 1329 2248 Zarotum.
1350 2210 1569 2251 Laudinum
1591 2225 1615 2251 a

172 2272 399 2312 Minuciano
430 2273 558 2312 acrius
594 2278 773 2311 notatum
809 2271 1008 2310 verissime
1049 2271 1174 2310 edixit
1211 2271 1437 2317 Gesnerus;
1476 2275 1543 2326 qui
1571 2276 1614 2319 in

171 2336 325 2388 praefat.
344 2336 496 2375 Horatii
514 2336 629 2387 plura
657 2336 864 2387 excerpsit.
920 2335 1061 2386 Neque
1093 2334 1315 2374 audiendus
1345 2336 1503 2384 Saxius,
1543 2339 1611 2389 qui

175 2399 382 2451 Conagum
399 2401 529 2453 potius
560 2398 668 2450 tangi
685 2405 814 2450 putat.
870 2399 910 2439 Is
929 2406 1035 2438 certe
1054 2397 1397 2450 interpretationes
1429 2399 1514 2450 ipse
1533 2413 1614 2442 non

177 2462 402 2512 scripserat.
435 2489 438 2491 -
781 2496 785 2497 γ
1535 2495 1539 2498 ,

230 2545 286 2553 —-
312 2524 478 2562 Laudini
497 2537 561 2563 ιν.
588 2525 743 2565 Veneta
761 2539 802 2566 V.
844 2527 998 2566 Horatii
1016 2539 1138 2578 opera
1156 2539 1247 2565 cum
1266 2539 1407 2567 comm.
1435 2526 1613 2569 christos-⁷

176 2587 291 2640 photi
308 2586 490 2627 Landini.
535 2591 547 2610 ‘
562 2587 796 2640 Impressum
820 2591 1005 2630 venetiis
1034 2603 1102 2641 per
1131 2590 1242 2641 Mag.
1261 2589 1543 2630 Bernardinum
1563 2593 1613 2632 de

177 2650 335 2689 Tridino
364 2663 414 2689 ex
441 2657 574 2690 monte
601 2652 744 2692 ferrato
773 2667 877 2694 anno
911 2653 1047 2693 salutis
1087 2665 1427 2693 mccccnxxxvr.
1481 2655 1613 2698 Pridie

180 2714 275 2754 Idus
296 2714 486 2753 Martias-⁹
513 2714 600 2754 Fol.
646 2716 840 2769 Repetitio
860 2717 1098 2756 Florentinoe
1117 2730 1152 2758 s.
1170 2717 1425 2773 Venetae-111.

266 2788 381 2830 ΒεΙρΙι.
392 2792 424 2821 et
443 2789 519 2822 Var·
536 2789 622 2822 Clas.
835 2792 954 2824 Home.
1467 2796 1489 2825 6
1511 2793 1528 2825 1
