1858 3184
244 237 358 280 1764

243 345 297 373 tas
320 341 452 382 quaerit,
482 350 549 382 quo
571 351 606 372 se
631 341 839 374 abscondat:
864 352 941 375 con·

243 391 424 423 :utendum
448 395 561 424 autern
585 392 940 432 publicae-honestati.

240 441 394 475 'Tor-rent.

255 511 258 513 -
276 493 327 522 ’17
349 490 488 522 Virtutis
511 500 593 525 τεν-ω
607 491 724 532 custos]
749 492 940 534 Aliquando

243 540 456 576 fioStoicns:
478 551 642 574 summum
665 542 789 574 bonum
816 543 849 574 in
875 544 941 574 vir·

244 595 320 623 tute
337 601 478 632 ponens.
523 592 719 632 Rigidusque
734 592 871 633 satelles]
885 591 941 622 ΙΕ-

243 641 392 681 qualiter
406 641 518 672 omnia
534 647 680 681 peccata
700 642 845 682 puniens
859 652 867 671 ι
899 642 941 672 ri·

240 690 343 730 gidus
360 699 453 731 ergo,
469 689 503 721 id
520 694 585 731 est,
605 690 708 722 durus
728 697 764 722 et
784 691 939 724 inexora-

245 740 335 772 bilis.
464 763 469 765 -

245 817 247 819 .
288 794 328 822 18
348 790 508 832 Aristippi
515 790 651 832 furtim]
673 790 702 822 A
720 792 876 832 Cyreneo
892 790 940 822 A-

242 842 388 882 ristippo
403 841 599 883 (qniomne
620 841 742 873 bonum
766 841 800 872 in
824 841 941 882 volup-

243 895 316 922 tate
333 890 463 932 posuit)
479 891 669 932 Cyrenaica
698 891 847 922 manavit
874 890 941 923 dis·

243 941 384 983 ciplina.
782 960 784 964 ν

243 1012 247 1015 -
286 994 328 1023 19
354 990 564 1031 Subjungere]
598 989 751 1022 Verbum
790 990 940 1031 elegans.

243 1050 306 1083 pro
321 1050 388 1083 quo
405 1046 507 1072 antea
525 1041 716 1072 summittere
738 1040 936 1081 legebatur:

242 1096 325 1132 apte
341 1091 489 1133 quidem,
511 1092 570 1122 sed
586 1090 827 1130 Metaphoram
853 1090 940 1121 malo

243 1150 263 1172 a
279 1140 385 1172 bobus
400 1145 564 1179 sumtuum
587 1150 672 1181 qnos
687 1139 872 1179 sunjungere
891 1140 941 1171 di-

242 1191 362 1230 cimur,
378 1199 453 1222 cnm
473 1189 559 1230 jugo
577 1189 768 1229 alligamus,
793 1190 802 1207 ‘
815 1188 941 1230 disjun-

244 1240 344 1280 gere’
363 1249 442 1270 vero
457 1240 628 1279 cnmjugo
640 1239 799 1270 solvimus
814 1250 822 1270 ε
851 1239 940 1272 unde

242 1288 435 1331 ‘subjuges'
444 1290 495 1320 et‘
506 1289 640 1330 injuges
649 1288 657 1301 ’
670 1288 866 1329 boves,quae
878 1289 940 1320 sub

239 1341 326 1382 jugo
351 1340 405 1370 vel
428 1339 556 1370 fuerint
573 1339 627 1369 vel
647 1347 714 1369 non
738 1337 879 1370 fuerint.
904 1344 940 1370 et

243 1391 341 1431 virg.
350 1389 513 1422 AEmwn.
524 1393 534 1407 ‘
546 1388 637 1419 Nulli
648 1387 699 1419 fas
709 1387 800 1419 Italo
810 1392 939 1419 tautam

241 1439 450 1481 subjungere
466 1438 621 1480 gentem.’
651 1437 843 1469 Submittere
858 1448 940 1479 ergo

241 1502 285 1524 ex
301 1493 502 1533 glossemate
517 1492 714 1532 irrepserat.
741 1491 832 1522 Torr.
878 1491 938 1522 Co-

240 1542 315 1583 non]
329 1541 557 1574 Academicus
573 1549 668 1581 ergo.

243 1614 250 1618 -
275 1595 319 1624 2⁰
334 1593 380 1624 Ut
388 1602 452 1624 nox
463 1591 573 1632 longa]
586 1588 734 1622 Perinde
744 1598 785 1621 ac
797 1588 826 1621 si
839 1598 938 1621 omne

170 1637 176 1641 ’
241 1645 377 1683 tempus
395 1671 397 1673 .
415 1641 478 1673 sibi
512 1640 624 1681 perire
653 1639 824 1677 crederet,
846 1639 938 1680 quod

240 1687 522 1733 Philosophiae'in
536 1691 626 1722 omni
636 1695 739 1722 aetate
752 1689 939 1723 otton-tuna

239 1740 431 1781 profuturae
447 1741 570 1772 studiis
592 1749 661 1772 non
681 1741 937 1781 impartiretnr3

240 1789 454 1832 pulcerrimis
483 1790 791 1828 comparationibus
824 1794 938 1821 osten·

240 1840 304 1879 dit,
319 1848 419 1879 qnam
435 1839 579 1868 molesta
600 1838 644 1868 sit
660 1847 775 1868 mora:
800 1848 863 1870 nec
887 1849 939 1870 re-

239 1889 332 1920 ferre
355 1887 442 1929 quod
466 1886 595 1918 tardius
618 1886 799 1926 inceperit,
830 1890 868 1918 ut
895 1887 938 1917 ad

241 1947 405 1970 summum
435 1935 595 1977 progredi
622 1935 749 1975 possit;
774 1944 850 1965 nam
879 1935 940 1967 ali-

241 1997 310 2029 quo
326 1987 447 2018 saltem
462 1989 704 2027 perventurum
718 1995 726 2015 ι
752 1989 787 2015 et
803 1984 938 2016 interim

242 2037 297 2068 vel
311 2036 567 2077 qualiacumque
583 2032 752 2074 principia
764 2032 937 2074 prodesse.

195 2105 205 2113 -
244 2087 387 2118 Torreat.
414 2083 710 2124 Quibusmentitur]
722 2081 853 2116 Quibus
864 2092 939 2123 pro·

242 2137 343 2168 missa
359 2144 424 2167 non
441 2138 569 2166 servat.

283 2189 324 2219 21
345 2187 433 2228 Opus
446 2184 640 2225 debentibus]
664 2182 843 2224 operariis
859 2192 938 2215 con-

242 2236 365 2269 ductis.

283 2289 326 2318 22
341 2285 500 2327 Metram]
524 2283 687 2316 Custodia
701 2292 936 2315 novercarum.

283 2339 327 2368 24
351 2332 600 2376 Consiliumque]
624 2334 711 2367 Quae
726 2334 938 2374 propositum

240 2395 353 2417 meum
365 2383 603 2417 conscribendi
616 2382 842 2424 vulgandique
852 2392 939 2424 prae-

242 2440 345 2476 cepta
373 2435 417 2467 ad
447 2435 554 2467 bonos
578 2442 690 2465 mores
712 2432 938 2465 conducentia

243 2484 435 2516 retardant.
495 2515 503 2521 ,

267 2532 498 2573 2⁷Elementis]
505 2532 728 2574 Philosophiae
737 2532 937 2573 primordiis.

284 2585 327 2614 28
345 2582 418 2613 Non
432 2582 530 2621 possis
543 2582 627 2614 oculo
644 2586 791 2624 quantum
812 2586 935 2614 conten·

241 2635 312 2666 dere
340 2631 497 2673 Lynceus]
530 2633 712 2665 Lambinus
749 2633 936 2665 Passeratii

242 2683 474 2723 conjecturam
490 2686 640 2722 secutus,
661 2682 830 2715 edendum
855 2692 936 2715 ceu·

241 2732 327 2763 nuit:
358 2730 432 2762 Non
451 2731 552 2770 possis
574 2732 674 2762 oculos
696 2736 845 2772 qnantum
865 2742 937 2765 con·

242 2783 367 2813 tendere
388 2779 543 2821 Lynceus.
588 2780 635 2813 Et
665 2791 747 2813 sane
774 2788 811 2814 ut
837 2782 936 2815 ‘ten-

708 248 850 280 1⁴01·AE
883 249 1149 282 VAmoRUM
1179 251 1234 283 ΙΝ

991 343 1101 383 derc,'
1140 345 1190 375 sic
1227 344 1237 362 ‘
1253 343 1462 376 contendere
1473 343 1482 358 ’
1515 343 1621 377 etiem
1644 351 1693 379 -et

993 394 1002 410 ‘
1016 394 1195 425 intendere
1226 394 1340 426 oculos
1352 394 1360 407 ¹
1389 399 1485 426 recte
1525 394 1692 436 dicinmn

994 443 1054 475 sed
1071 443 1282 476 contendere
1298 448 1437 485 possunt
1452 444 1569 477 oculos
1587 445 1691 478 etiam

992 494 1036 533 hi,
1053 495 1109 535 qui
1125 494 1234 525 minus
1249 499 1351 526 acute
1366 494 1497 536 vident,
1509 504 1588 527 cum
1604 495 1639 527 in
1656 505 1693 527 re

989 543 1106 584 aliqua
1118 554 1174 575 eos
1191 544 1298 575 veluti
1310 544 1483 585 defigunt:
1507 546 1600 578 aliud
1613 555 1692 578 vero
1750 583 1756 588 Α

991 597 1047 625 est
1061 595 1147 625 oculo
1162 595 1355 632 contendere,
1371 603 1433 635 pro
1457 595 1595 627 videndi
1617 596 1691 628 acie

992 647 1140 683 certare,
1150 649 1313 685 quantum
1329 644 1383 675 vel
1402 645 1558 684 Lynceus
1568 645 1627 677 ille
1641 645 1691 676 in-

993 698 1046 724 ter
1062 693 1278 735 Argonautas
1303 693 1437 725 nobilis.
1479 693 1567 725 Item
1588 695 1598 712 ‘
1612 703 1692 726 con-

992 743 1135 775 tendere
1150 743 1285 782 animo‚'.
1300 747 1309 761 ¹
1325 743 1434 784 voce‚’
1454 743 1464 760 ‘
1477 743 1614 783 labore:
1630 754 1692 784 pro

993 794 1212 826 vehementer
1226 794 1345 833 anniti,
1357 793 1512 825 dicimus.
1552 794 1693 833 Inungui

992 849 1106 875 autem
1132 854 1194 885 pro
1217 844 1330 884 inungi
1353 844 1386 875 iu
1410 844 1565 876 omuibus
1585 844 1692 876 ferme

993 893 1104 926 codd.
1136 895 1274 936 legitur.
1300 895 1444 927 Tor-rent.
1494 896 1564 926 Non
1591 895 1692 935 poscis

991 944 1095 985 oculo]
1127 945 1164 977 Si
1187 954 1254 976 non
1286 944 1396 986 possis
1419 946 1453 976 in
1476 945 1580 977 rebus
1606 946 1690 986 ipsis

993 994 1240 1035 perspiciendis
1257 999 1353 1027 tanta
1369 995 1400 1025 vi
1416 995 1591 1026 oculorum
1612 995 1689 1031 niti,

992 1049 1120 1084 quanta
1142 1045 1311 1085 Lynceus.
1355 1044 1512 1086 Lynceus]
1535 1046 1690 1086 Lynceus

992 1093 1188 1124 acutissima
1225 1094 1400 1125 oculorum
1429 1093 1693 1137 perspicacitate

993 1142 1172 1181 praeditus,
1187 1153 1240 1182 ea,
1255 1153 1331 1185 qnae
1347 1142 1438 1184 apud
1461 1141 1589 1175 inferos
1613 1152 1692 1184 agc-

990 1197 1125 1230 rentur,
1140 1192 1267 1224 dicitur
1278 1192 1414 1224 vidisse.

1035 1243 1077 1272 30
1101 1242 1221 1274 Inuicti
1241 1241 1378 1273 membra
1401 1240 1570 1283 Glyconis]
1592 1242 1690 1274 Lam-

990 1289 1091 1321 binus
1117 1291 1262 1322 candide
1278 1291 1420 1330 fatetur‚
1443 1290 1587 1321 nihilne
1602 1290 1687 1331 Gly-

993 1348 1077 1370 cone
1093 1340 1160 1371 isto
1179 1340 1245 1371 sibi
1267 1340 1506 1372 observatum:
1533 1344 1571 1371 et
1588 1339 1692 1371 inter·

992 1394 1107 1428 pretes
1123 1394 1249 1421 tacent.
1293 1389 1400 1431 Atqui
1423 1389 1618 1422 meminisse
1632 1389 1691 1421 de-

993 1438 1077 1470 bent
1091 1439 1153 1470 viri
1165 1438 1272 1481 docti,
1285 1448 1352 1470 non
1364 1439 1479 1479 aliurn,
1490 1438 1534 1470 de
1547 1448 1615 1481 quo
1626 1439 1690 1471 boc

990 1489 1071 1528 agit,
1083 1498 1103 1520 a
1114 1489 1269 1530 Glycone
1280 1487 1491 1530 Philosopbo
1504 1487 1621 1527 fuisse,
1631 1490 1691 1532 qui

990 1539 1227 1571 invictumsibi
1241 1540 1346 1571 robur
1358 1540 1510 1580 corporis
1519 1549 1560 1571 ac
1571 1540 1692 1571 virium

991 1589 1103 1621 studio
1129 1590 1350 1631 gymnasticae
1375 1590 1508 1621 assiduo
1532 1598 1573 1620 ac
1594 1588 1690 1620 inde-

989 1637 1082 1670 fesso
1104 1643 1375 1680 comparaverat.
1418 1638 1475 1670 Ita
1488 1642 1528 1670 ut
1551 1637 1692 1677 εὐέκτης,

988 1687 1048 1726 τήν
1060 1701 1096 1720 τε
1116 1689 1223 1722 πᾶσαν
1243 1688 1357 1730 σχέσιν
1379 1687 1552 1726 ἀθλητικὴν
1569 1687 1690 1729 ἐπιφαί-

989 1749 1061 1778 νων,
1085 1748 1106 1770 a
1120 1738 1273 1775 Laenio,
1288 1739 1351 1770 hoc
1365 1742 1430 1778 est,
1444 1737 1543 1780 firmo
1566 1746 1691 1778 corpore

988 1791 1021 1819 et
1033 1790 1124 1829 plane
1136 1789 1248 1821 habitu
1258 1788 1418 1829 athletico,
1430 1788 1578 1820 dicatnr.
1600 1788 1690 1820 Item

988 1835 1189 1868 ὠτοθλαδίας.
1234 1839 1346 1870 Quam
1374 1846 1492 1869 vocem
1520 1838 1691 1878 interpres

988 1893 1056 1915 non
1086 1888 1191 1925 cepit.
1236 1887 1347 1917 Recte
1377 1886 1495 1917 suidas
1522 1886 1691 1927 iuterpre-

987 1936 1095 1971 tatur,
1110 1938 1148 1965 et
1163 1934 1276 1974 pueris
1298 1938 1415 1965 notum
1439 1938 1506 1973 est,
1530 1934 1574 1965 de
1600 1937 1687 1966 anti-

986 1981 1066 2023 -quis
1080 1982 1216 2015 athletis
1232 1983 1311 2024 dici,
1330 1992 1471 2023 qnorum
1487 1992 1588 2015 aures
1604 1985 1689 2016 mul-

991 2031 1034 2063 tis
1056 2031 1182 2064 ictibus
1203 2037 1352 2064 contusae
1381 2038 1491 2066 erant.
1521 2033 1687 2067 Heinsius«.

988 2084 1157 2125 Glyconis]
1178 2084 1307 2126 Pugilis
1323 2084 1466 2116 robusti.
1513 2095 1520 2101 -

1032 2135 1073 2164 31
1101 2133 1194 2165 Nolis
1217 2132 1397 2175 prohibere]
1421 2133 1496 2165 Nec
1519 2133 1622 2174 nolis,
1653 2134 1689 2166 id

990 2186 1054 2222 est,
1069 2183 1158 2214 velle
1173 2182 1290 2214 debes.

1031 2234 1074 2264 82
1102 2233 1162 2264 Est
1184 2231 1327 2273 quodam]
1356 2231 1414 2264 Sic
1443 2231 1574 2273 antiqui
1597 2232 1681 2265 libri

989 2289 1124 2313 omues:
1141 2282 1231 2323 qnod
1243 2291 1306 2314 cur
1314 2281 1480 2313 Lambino
1491 2281 1687 2322 displicent,

984 2331 1118 2372 ignoro·
1147 2332 1290 2363 Torrent.
1327 2331 1688 2373 Exeundum-prodire]

985 2382 1090 2414 Licet
1111 2381 1154 2413 ad
1183 2382 1396 2423 aliquantum
1417 2381 1585 2416 doctriua
1607 2391 1687 2423 pro-

991 2432 1100 2473 gredi,
1118 2432 1147 2464 si
1161 2432 1324 2464 nonlicet
1339 2430 1545 2472 transgredi.

1031 2484 1072 2514 38
1098 2482 1213 2514 Fervet
1227 2480 1379 2522 ιιωήιὶα]
1399 2480 1618 2513 Enumeratio
1633 2480 1686 2512 vi-

990 2531 1126 2568 tiorum,
1142 2532 1265 2574 quibus
1282 2531 1465 2573 implicitus
1479 2531 1610 2563 animus
1626 2532 1688 2563 bu-

985 2590 1104 2613 manus
1128 2582 1255 2614 dicitnr
1276 2582 1380 2623 solari
1403 2590 1452 2621 se,
1476 2580 1612 2622 qnando
1637 2581 1687 2613 le-

986 2631 1107 2672 gendis
1131 2631 1345 2673 Philosophis
1371 2630 1613 2672 audiendisque
1635 2638 1687 2661 se-

988 2681 1067 2713 dulo
1084 2682 1226 2713 enititur
1237 2681 1279 2713 ad
1292 2681 1462 2714 virtutem.
1481 2681 1582 2721 Cruq.
1601 2679 1682 2711 Fer-

988 2730 1056 2771 vet]
1077 2730 1222 2763 AEstuat.

989 2805 992 2807 -
1030 2783 1070 2815 34
1101 2781 1184 2814 Sunt
1208 2782 1299 2813 uerbo
1321 2786 1353 2813 et
1375 2779 1476 2821 ems]
1503 2779 1682 2821 Ingeniosa
