1858 3184
235 220 352 263 1814

237 324 355 366 tuique
371 323 536 365 corporis.
561 325 664 364 atque
681 322 776 359 adeo,
799 332 875 364 quae
892 323 937 354 ad

238 374 420 407 vivendum
456 373 583 405 homini
618 374 811 406 necessaria
847 378 939 413 sunt,

239 424 427 458 contineri:
451 423 628 456 ‘Diariis’
653 433 734 456 vero
759 424 861 456 alicui
886 433 939 455 re-

238 475 343 516 lictis,
357 484 468 516 neque
484 474 940 515 habitationemmeqneves-

241 525 392 566 tiarinm,
405 534 515 567 neque
528 524 746 565 calcearium,
755 524 815 556 sed
828 523 940 555 cibum

241 579 375 608 tantum
404 574 536 606 deberi.
582 574 711 606 Eadem
740 583 822 615 ergo
848 573 940 604 ‘dia-

242 626 318 666 ria,'
332 634 408 667 quae
421 630 458 657 et
474 625 483 642 ‘
495 625 644 657 cibaria:
656 624 664 638 '
675 633 751 666 quae
764 625 853 665 qnod
867 633 941 655 cer-

241 680 277 708 ta
292 675 366 708 fere
380 684 536 707 mensura
547 674 796 715 proebereutu13
809 673 889 705 inde
905 679 943 706 et

241 727 251 744 ‘
268 724 441 757 demensi'
470 724 671 756 vocabulum
701 724 807 756 venit.
865 725 943 757 Qua

241 776 285 808 de
307 784 346 807 re
371 775 570 817 pererudite
595 775 637 807 P.
663 775 838 806 Victorius
861 775 942 805 Var.

241 826 340 858 Lect-
354 833 380 858 ι.
396 828 452 857 23.
488 825 590 858 Quod
614 834 697 857 vero
716 825 765 856 ait
786 833 854 855 cam
877 833 941 855 ser-

240 876 301 912 vis,
324 885 392 907 uon
407 875 456 907 sic
471 874 721 915 accipiendum,
734 874 814 916 quin
830 879 865 906 et
881 874 941 905 vil-

240 925 327 958 licus
341 925 416 966 ipse
433 934 550 956 servus
572 924 631 964 sit,
646 924 707 956 sed
721 924 823 966 qnod,
848 929 941 955 cete-

242 974 290 1006 ris
304 974 372 1006 ruri
388 975 571 1015 imperans,
584 974 671 1005 liber
693 974 943 1015 quodammodo

242 1025 376 1056 censeri
404 1025 525 1065 possit.
561 1024 653 1056 Tor-r.
695 1024 813 1056 Diaria
837 1025 944 1056 rodere

242 1073 359 1114 min]
382 1074 538 1105 Diarium
554 1077 607 1105 est
622 1073 721 1105 unius
735 1073 804 1105 diei
821 1075 943 1105 victus.

284 1125 327 1154 41
351 1122 479 1154 Horum
505 1124 542 1153 tu
566 1122 601 1153 ἐκ
623 1121 800 1161 numer-am]
821 1122 943 1154 Servo-

244 1183 318 1206 rum
334 1173 553 1205 urbanorum.
591 1173 671 1206 Volo
681 1173 764 1214 ruis]
788 1173 872 1205 Cum
883 1173 944 1205 im-

244 1229 330 1266 petu
341 1228 377 1256 et
391 1224 463 1255 sine
476 1225 620 1256 ratione.

287 1276 331 1305 42
355 1274 431 1305 Calo
446 1275 594 1315 argutus]
614 1274 693 1305 Scio
708 1274 844 1315 quidem
867 1275 877 1293 ⁴
890 1285 944 1306 ca-

245 1323 360 1355 lones'
376 1322 450 1354 fere
474 1323 542 1354 diei
564 1323 707 1355 militum
722 1333 850 1364 servos,
864 1334 943 1357 auc-

244 1379 320 1407 tore
337 1375 454 1415 Festo,
462 1375 582 1407 Servio
602 1379 707 1417 atque
721 1375 816 1415 aliis;
840 1375 944 1417 idque

246 1435 265 1457 a
277 1424 431 1457 ferendis
447 1425 490 1457 ad
507 1429 695 1457 castrorum
721 1435 818 1457 nsum
837 1426 945 1466 lignis,

245 1485 321 1517 quae
349 1476 431 1507 κᾶλα
456 1476 669 1508 vocabantur
697 1476 845 1508 Graece:
864 1476 944 1508 ·sed

244 1535 356 1568 neque
369 1527 488 1567 ignoro
500 1526 769 1567 Porphyrionem
785 1535 810 1557 r.
822 1525 894 1558 Sat.
910 1529 942 1558 2.

245 1585 267 1607 a
280 1576 290 1593 ‘
306 1576 467 1607 kalando’
486 1576 521 1607 id
537 1585 659 1607 nomen
674 1576 866 1615 dedncere;
888 1586 943 1608 eo-

246 1635 312 1667 que
336 1625 518 1667 significari
542 1626 630 1658 velle
653 1636 798 1662 servum,
822 1626 878 1667 qui
901 1627 942 1658 ad

245 1675 472 1708 ministerium
497 1675 582 1708 alios
609 1681 728 1708 vocet:
751 1676 844 1717 quod
865 1677 944 1709 huic

244 1723 400 1766 profecto
416 1726 493 1757 loco
517 1726 621 1767 magia
641 1726 823 1766 convenit;
844 1726 946 1758 etita

245 1777 473 1819 locupletibus
490 1786 627 1818 semper
642 1786 662 1809 e
673 1776 805 1808 familia
826 1777 946 1809 adesse

245 1828 331 1859 solet
361 1828 494 1868 aliquis,
523 1828 582 1868 qui
615 1827 776 1858 kalatoris
805 1837 945 1860 munere

246 1877 417 1917 fungatur.
463 1876 544 1907 Meo
572 1885 654 1906 sane
680 1877 811 1916 judicio
840 1876 945 1916 friget

246 1925 424 1963 Horatius,
445 1924 509 1955 nisi
524 1925 534 1941 ⁴
551 1924 719 1956 calonem'
739 1925 855 1956 urbani
871 1925 943 1956 offi-

245 1975 290 2007 cii
318 1974 507 2006 ministrum
528 1973 770 2015 intelligamus,
798 1975 943 2006 maxime

244 2035 322 2058 cnm
334 2026 344 2043 ‘
357 2029 516 2067 argutum
527 2024 536 2038 ’
551 2030 663 2057 vocet.
691 2026 835 2057 Tor-rent.
868 2026 943 2056 Calo

244 2076 395 2117 erg-neus]
427 2075 553 2106 Servus
582 2075 772 2115 versipellis
797 2075 871 2117 (qui
901 2085 943 2107 ex

246 2125 331 2160 urbe
353 2125 382 2157 it
405 2126 574 2166 lignatum
595 2123 705 2166 foras)
730 2124 861 2157 invidet
876 2130 943 2158 tnae

244 2175 405 2209 felicitati
420 2175 454 2207 in
471 2185 532 2207 usu
554 2175 734 2217 lignorum,
754 2175 789 2207 in
804 2185 865 2208 usn
880 2177 944 2208 eti-

247 2234 300 2261 atn
315 2227 449 2268 pecoris
471 2232 508 2259 et
529 2226 631 2266 horti,
654 2226 776 2268 quibus
791 2227 944 2259 omnibus

247 2276 410 2309 abundas.

286 2330 328 2360 43
367 2328 467 2369 Optat
500 2327 660 2368 ephippio]
701 2328 830 2360 Similia
864 2329 941 2361 illa:

246 2383 255 2395 ‘
271 2382 383 2410 aratro
392 2377 561 2419 ,iaculariss
577 2381 586 2396 ¹
604 2377 690 2422 bove
713 2379 829 2411 venari
848 2379 943 2420 lepo-

246 2427 338 2458 rem)
372 2428 585 2469 Quamquam
599 2427 678 2460 huic
695 2428 833 2460 Horatii
848 2429 943 2462 dicto

246 2481 326 2507 tune
350 2478 562 2517 potissimum
583 2478 679 2510 locus
702 2483 770 2519 est,
792 2487 882 2519 cnm,
905 2484 944 2511 nt

244 2526 356 2570 inquit
376 2527 568 2569 Terentius,
590 2529 696 2560 nostri
718 2533 850 2561 nosmet
872 2539 944 2570 poe-

246 2575 347 2606 uitet.
373 2576 516 2607 Torreat.
564 2578 664 2619 Optat
683 2578 841 2620 ephippia]
865 2579 945 2611 Hoc

246 2625 394 2657 carmine
421 2627 597 2667 eleganter
620 2629 753 2662 notavit
782 2630 946 2663 Horatius

246 2674 376 2713 vitium,
393 2675 482 2716 quod
507 2678 709 2710 naturaliter
723 2680 877 2715 omnibus
893 2688 947 2714 eat

246 2725 398 2763 insitum,
424 2730 460 2755 ut
486 2726 612 2766 quippe
642 2737 777 2770 semper
800 2731 944 2764 alienam

246 2780 370 2807 sortem
386 2775 492 2816 magis
511 2775 687 2818 mirentur,
702 2788 741 2810 ac
754 2789 846 2812 suam
864 2792 945 2814 con-

702 229 847 260 NO'I'AE
878 228 1142 262 vARIORtJM
1177 229 1228 259 IN

989 326 1143 355 temnant
1170 331 1209 353 ac
1239 321 1429 361 fastidiant,
1458 325 1580 362 optent
1605 324 1686 356 item

988 374 1181 414 inexperta,
1210 377 1355 414 experta
1382 372 1556 405 damnent.
1587 372 1685 407 Bm-

988 433 1068 455 nnoe.
1110 423 1270 464 Ephippia
1297 424 1350 455 bos
1376 422 1485 464 piger]
1515 424 1687 466 Equorum

989 478 1202 513 ornamenta,
1225 474 1278 504 vel
1304 474 1408 505 cellas
1431 473 1527 515 equis
1552 473 1594 506 ad
1610 474 1690 506 insi-

990 523 1139 555 dendum
1151 523 1338 564 impositas.
1372 521 1596 556 Proverbium
1610 533 1691 556 eon·
1720 550 1726 555 .

991 573 1084 605 venit
1099 574 1132 604 in
1149 583 1220 613 eos,
1243 573 1300 614 qni
1316 573 1366 604 sui
1383 573 1530 605 muneris
1545 573 1691 605 functio—

991 634 1068 656 nem
1091 623 1318 659 fastidientes,
1343 625 1501 664 alienam,
1522 624 1566 656 ad
1589 632 1690 667 quam

992 679 1070 706 sunt
1084 674 1206 715 inepti,
1221 678 1399 714 exoptant.

1034 727 1076 756 44
1101 725 1204 760 Quum
1224 724 1284 755 scit
1305 722 1449 764 uterque]
1471 723 1618 764 Elegans
1634 724 1691 756 Ci-

992 774 1124 807 ceronis
1153 774 1329 814 Senarius,
1352 774 1452 805 Tnso.
1483 782 1510 806 r.
1552 774 1689 807 ‘Quam

991 825 1133 867 quisque
1157 824 1247 855 norit
1267 829 1390 862 artem,
1403 824 1438 854 in
1451 824 1518 856 hae
1541 834 1579 856 se
1593 833 1691 856 exer-

991 874 1092 907 ceat!
1119 875 1210 906 Torr-
1258 873 1405 910 Censebo,
1421 877 1563 906 exer-ced
1574 875 1691 916 ortem]

990 925 1160 958 Judicabo
1177 929 1213 956 ut
1230 929 1374 965 uterque
1395 923 1507 956 libens
1533 927 1694 956 exerceat

992 980 1113 1016 artem,
1127 984 1228 1016 qnam
1253 974 1356 1015 norit,
1381 978 1420 1005 nt
1446 979 1484 1005 tu
1509 973 1578 1005 ruri
1604 973 1693 1005 colas

992 1035 1110 1066 agros:
1149 1029 1189 1056 nt
1220 1024 1279 1055 ille
1307 1025 1396 1066 calo,
1421 1024 1487 1056 tibi
1521 1023 1693 1061 invidens,

992 1079 1128 1107 maneat
1142 1075 1177 1106 in
1191 1074 1287 1106 urbe.
1434 1111 1438 1114 ⁴

992 1126 1118 1157 Eme-r.
1134 1134 1196 1156 xv.
1233 1124 1293 1156 An
1307 1124 1457 1156 Vausr.
1483 1123 1585 1157 Quod
1599 1123 1694 1155 Veli-

1034 1185 1087 1207 am
1111 1180 1148 1206 et
1165 1175 1344 1206 Salernum
1360 1174 1534 1216 proficisci
1549 1173 1694 1214 cogitet,

1035 1235 1111 1267 quae
1129 1225 1175 1256 ibi
1198 1224 1243 1255 sit
1265 1224 1385 1264 hiems,
1400 1228 1436 1256 et
1451 1224 1549 1266 quale
1570 1225 1693 1256 coelum

1035 1280 1277 1316 percontatur:
1301 1274 1359 1305 sed
1383 1283 1421 1305 se
1439 1283 1505 1305 non
1529 1274 1575 1305 ita
1604 1274 1693 1305 salu-

1035 1324 1171 1357 britatis
1187 1324 1349 1356 rationem
1365 1324 1490 1355 habere
1517 1323 1639 1359 innuit,
1655 1327 1693 1354 ut

1035 1384 1103 1406 non
1128 1375 1228 1406 etiam
1255 1374 1402 1415 aliquam
1424 1373 1609 1416 voluptatis
1631 1373 1690 1404 ha-

1034 1425 1116 1456 bere
1132 1425 1227 1456 velit.

1035 1475 1205 1508 Quoniam
1229 1474 1264 1505 in
1289 1474 1391 1516 hujus
1408 1473 1470 1505 viri
1485 1473 1620 1505 nomine
1634 1472 1694 1504 ad-

992 1525 1059 1557 hue
1082 1525 1189 1556 errari
1216 1525 1337 1564 video;
1361 1528 1442 1556 sunt
1463 1524 1552 1563 enim
1576 1523 1634 1566 qui
1653 1524 1695 1555 C.

995 1577 1198 1617 Numenium,
1221 1581 1279 1608 aut
1295 1576 1528 1615 Numnam-ium,
1539 1579 1619 1607 sunt
1635 1574 1694 1616 qui

995 1630 1032 1661 C.
1063 1629 1272 1666 Nameniam;
1309 1632 1389 1660 sunt
1411 1627 1534 1659 deinde
1563 1626 1623 1668 qui
1653 1626 1694 1657 C.

997 1679 1163 1711 Vimiam
1178 1683 1314 1719 vocent,
1332 1682 1440 1709 testor
1455 1686 1497 1708 ex
1511 1676 1620 1707 veteri
1635 1674 1694 1706 de-

993 1730 1099 1766 nario,
1111 1739 1211 1771 quem
1222 1729 1312 1761 omni
1327 1733 1425 1770 parte
1437 1726 1694 1769 integerrimum

993 1788 1092 1811 servo
1102 1779 1158 1821 (et
1170 1778 1424 1820 appingendnm
1439 1777 1572 1810 curavit
1589 1778 1624 1808 in
1637 1784 1695 1807 an-

996 1829 1100 1871 tiquis
1125 1827 1335 1870 Imaginibus
1359 1826 1502 1859 Fulvius
1530 1824 1696 1866 Ursinus)

994 1879 1122 1919 liquido
1147 1884 1305 1909 constare
1332 1884 1454 1908 nomen
1475 1877 1506 1907 ei
1530 1874 1638 1908 fuisse
1655 1875 1695 1907 C.

994 1928 1171 1959 Numenius
1208 1927 1313 1958 Vualo.
1358 1927 1404 1957 Et
1433 1934 1517 1966 gens
1554 1925 1691 1966 quidem

992 1978 1066 2018 ipse
1088 1986 1108 2008 a
1130 1977 1140 1994 ‘
1157 1975 1282 2012 numo,'
1311 1975 1400 2017 quod
1435 1974 1598 2016 princeps
1623 1974 1696 2016 ejus

992 2025 1081 2058 forte
1106 2026 1194 2057 bene
1220 2030 1381 2057 numatns
1408 2029 1513 2064 esset,
1536 2034 1634 2057 suum
1657 2029 1698 2056 nt

992 2077 1112 2117 opinor
1148 2085 1270 2107 nomen
1308 2075 1460 2107 invenit:
1505 2083 1695 2116 cognomen

994 2132 1107 2158 autem
1123 2135 1143 2157 a
1154 2126 1163 2143 ‘
1179 2125 1284 2156 vallo'
1299 2125 1436 2156 militari
1455 2129 1604 2156 sumtum
1619 2133 1696 2156 esse

992 2177 1103 2218 ipsum
1126 2175 1290 2207 numisma
1305 2175 1532 2214 demonstran
1557 2174 1695 2206 virtutis

992 2237 1116 2269 nempe
1133 2237 1236 2259 cansa
1251 2227 1368 2258 datum
1384 2226 1429 2265 ei,
1441 2226 1499 2269 qni
1511 2225 1693 2267 primns‘in

993 2288 1035 2310 ea
1050 2283 1154 2319 gente
1169 2277 1220 2308 sic
1235 2277 1493 2317 cognominatus
1518 2281 1585 2316 est,
1602 2276 1694 2317 quod

991 2329 1116 2361 hostile
1142 2328 1266 2359 vallum
1287 2327 1425 2359 fortiter
1449 2332 1696 2368 oppugnasset.

995 2380 1139 2411 Torreat.

1036 2433 1054 2460 1
1080 2429 1160 2465 Quoe
1182 2428 1224 2459 sit
1245 2427 1352 2469 hyems
1382 2426 1494 2467 Velio]
1523 2425 1592 2457 Hie
1622 2427 1695 2458 lon-

993 2489 1071 2521 gum
1084 2484 1138 2511 est
1148 2478 1376 2520 Hyperbaton
1393 2486 1501 2518 nsque
1512 2476 1556 2508 ad
1573 2486 1624 2509 vs.
1639 2479 1694 2509 2⁵.

993 2535 1030 2561 ut
1041 2530 1087 2561 sit
1101 2529 1206 2562 ordo:
1230 2528 1301 2559 Par
1324 2532 1379 2559 est
1405 2533 1439 2558 te
1463 2526 1615 2559 scribere
1636 2536 1696 2559 ao-

993 2580 1058 2621 bis,
1079 2590 1119 2611 ao
1140 2589 1199 2612 nos
1219 2578 1283 2611 tibi
1304 2577 1459 2617 credere,
1473 2573 1549 2619 qum
1573 2577 1693 2619 hyems

993 2631 1038 2662 sit
1056 2630 1176 2670 Veliae,
1192 2629 1226 2661 id
1250 2633 1313 2669 est,
1336 2637 1413 2669 qum
1436 2627 1526 2659 aiiris
1546 2627 1694 2669 qualitas

994 2681 1028 2712 in
1056 2681 1189 2722 hyeme,
1209 2681 1274 2711 διο.
1324 2677 1439 2718 Veliae]
1474 2676 1585 2715 Velia,
1613 2677 1694 2709 olim

996 2731 1098 2764 Helia
1120 2735 1209 2762 teate
1230 2729 1345 2761 Plinio
1364 2738 1415 2760 iv.
1430 2732 1463 2760 5.
1488 2727 1614 2759 Groeoe
1628 2725 1692 2759 Ἥ-

995 2788 1066 2823 λας,
1083 2791 1103 2813 a
1127 2779 1222 2812 fonte
1249 2779 1408 2822 quodam,
1432 2775 1479 2810 ut'
1490 2778 1540 2810 ait
1559 2776 1695 2817 Strabo,
