1858 3184
630 262 677 300 Q.
706 260 922 293 nona-ru
956 259 1151 291 fuscet.
1502 248 1615 292 lu?

233 363 337 401 1494
365 361 557 414 lmpensis
574 359 694 411 ch.
711 358 890 399 nedae.
908 357 1051 396 Vener.
1070 355 1258 406 inhBep.
1277 355 1343 395 ed.
1366 357 1486 395 1492.

228 448 284 455 ··-
309 427 385 464 Ars
403 425 580 478 poiitica:
607 436 698 464 cum
717 422 820 462 notis
835 422 975 460 Franc.
995 418 1233 462 Peuamhae.
1255 419 1300 458 S.
1317 418 1348 459 1.
1365 421 1409 461 4ι»

231 489 336 528 1495
361 502 451 528 cum
468 501 610 528 comm.
628 490 720 527 Aer.
739 485 886 538 Porph.
905 483 1030 531 had.
1044 483 1180 523 Manc.
1210 489 1252 523 et
1284 483 1383 536 figg.
1401 495 1526 534 nuper
1543 482 1616 523 ad-

175 552 281 592 ditis.
322 552 498 593 Venetiis
516 553 695 604 impress.
713 563 784 603 per
797 549 1008 589 Dominum
1037 546 1218 586 Pincium
1232 547 1494 587 Mantuanum
1509 559 1615 591 auno

175 629 361 657 uccccv.
394 617 469 667 (sic
495 615 686 655 mendose
716 613 976 669 exscriptum)
999 611 1065 651 die
1095 623 1142 650 v,
1179 611 1395 651 Februarii.
1428 611 1529 663 Rep.
1547 609 1613 650 ed'.

177 681 294 721 1492.
313 679 418 720 unde
441 679 506 719 bic
521 691 649 718 annus
667 685 710 717 et
739 678 780 715 in
799 675 1048 716 dedicatione
1075 683 1117 715 et
1134 674 1174 714 in
1193 676 1271 715 fine
1296 688 1440 715 comm.
1457 675 1511 715 ad
1529 688 1615 716 car-

174 757 265 784 men
284 756 382 783 sec.
398 741 604 795 appositus
620 741 780 793 legitur.

223 828 280 839 -
300 819 393 847 cum
406 805 565 847 qudem
600 805 875 845 comm.-Die
896 817 990 845 κη.
1007 805 1120 843 Febr.
1149 802 1215 842 Ad
1233 804 1383 843 calcem
1414 802 1535 842 fontis
1551 803 1614 843 in·

168 869 293 923 igue,
309 883 400 910 cum
418 870 541 910 literis
560 870 609 909 B.
627 870 674 908 F.
692 869 734 908 b.
753 883 791 910 e.
819 868 1025 908 Benedicti
1045 868 1240 909 Fontana.
1259 867 1402 907 Venet.
1416 865 1485 906 sol.

224 934 326 972 1497
355 946 444 974 cum
462 933 603 972 iisdem
620 946 764 973 comm.
784 933 928 972 Venet.
948 932 1019 973 sol.

220 1019 275 1030 -—-
301 997 393 1038 Nic.
409 998 558 1038 Perotti
577 998 732 1050 Sipont.
751 997 887 1049 Episc.
916 997 968 1036 de
1001 997 1211 1049 generibus
1240 1002 1465 1042 metrorum,
1484 1007 1532 1034 ac
1562 994 1613 1034 de

168 1059 322 1100 Horatii
337 1068 379 1101 et
409 1062 583 1101 Severini
615 1061 771 1101 Boethii
799 1061 934 1100 metris
966 1074 1087 1113 opus:
1115 1074 1186 1112 per
1213 1061 1278 1099 Jo.
1308 1059 1527 1099 Tacuinum
1561 1058 1613 1098 de

166 1124 342 1164 Tridino.
386 1125 530 1165 Venet.
549 1128 590 1164 4.
631 1125 807 1166 Plurima
833 1137 884 1163 ex
913 1124 1043 1163 Codd.
1078 1123 1249 1174 antiquis
1283 1123 1437 1161 Horatii
1472 1122 1615 1162 sumsit

170 1186 355 1227 Perottus
390 1195 432 1227 et
460 1195 600 1240 postea
618 1188 759 1235 Aldus,
778 1201 870 1240 quae
896 1200 1018 1240 prope
1035 1186 1174 1226 eadem
1193 1186 1339 1239 reperit
1356 1185 1553 1236 Crnquius
1571 1185 1613 1225 in

165 1250 302 1292 Godd.
318 1251 559 1297 Blandiniis3
586 1251 666 1291 vid.
680 1252 787 1292 Jani.

226 1316 329 1354 1498
357 1316 510 1354 Horatii
530 1316 661 1356 Flacci
679 1316 885 1361 Venusini,
903 1316 1035 1368 poetas
1053 1313 1168 1361 lirici,
1193 1325 1316 1365 opera
1332 1324 1423 1352 curn
1450 1312 1614 1364 quihus·

165 1377 259 1418 dam
276 1379 596 1419 mactationibus
612 1379 930 1432 imaginibusque
946 1377 1219 1431 pulcherrimis
1233 1376 1420 1429 aptisque
1433 1374 1487 1414 ad
1506 1375 1615 1416 Oda-

166 1455 252 1482 rum
282 1450 502 1483 concentus
524 1450 567 1483 et
596 1443 837 1482 sententias:
865 1455 936 1496 per
962 1443 1158 1482 Jacobum
1190 1440 1342 1481 becher
1358 1441 1466 1493 poet.
1486 1439 1616 1479 laure-

165 1514 275 1547 stum
289 1509 350 1559 (et
370 1507 479 1548 Prof.
507 1509 550 1547 in
580 1508 710 1548 Acad.
739 1507 1023 1560 Friburgensi).
1054 1508 1098 1546 In
1118 1507 1218 1546 fine:
1248 1505 1506 1545 Elaboratum
1540 1504 1614 1543 im·

163 1583 420 1624 pressumque
437 1572 515 1612 hoc
526 1585 627 1625 opus
640 1573 681 1610 in
699 1571 843 1611 celebri
860 1571 1127 1624 imperialique
1144 1570 1241 1609 urbe
1255 1569 1475 1621 Argentina
1493 1567 1614 1621 opeTra

166 1640 209 1673 et
221 1634 408 1687 inpensis
426 1636 576 1676 sedulis
594 1649 752 1689 qnoque
782 1636 983 1675 laboribus
1001 1634 1155 1687 providi
1172 1633 1256 1672 Viri
1274 1633 1469 1673 Johannis
1489 1632 1612 1670 Reiu-

164 1697 279 1738 hardi
295 1706 559 1752 cognomento
591 1700 816 1751 Gruningser
844 1699 941 1738 civis
968 1698 1143 1749 ejusdem
1164 1697 1278 1735 Urbis
1310 1695 1611 1746 Arg-catinensis

166 1763 304 1813 quinto
316 1763 411 1802 Idus
423 1763 573 1809 Martii,
587 1763 814 1801 absolutum
831 1775 924 1800 vero
938 1773 1003 1800 an.
1020 1761 1181 1800 Domini
1202 1770 1510 1800 nccccxcvur.
1522 1759 1555 1797 F
1556 1759 1610 1798 ol.

168 1825 289 1863 ·—Cr.
316 1826 562 1864 Incunabula
576 1825 674 1864 artis
692 1831 777 1878 typ.
791 1826 838 1864 rin
855 1825 948 1864 Cat.
962 1824 1059 1864 bibl.
1079 1823 1313 1863 Uffenbach.
1332 1822 1380 1862 T.
1401 1835 1455 1861 ιι.
1472 1822 1610 1862 histor.

167 1900 212 1928 n.
228 1900 461 1928 ctxxvnr.
479 1903 519 1941 p.
540 1890 607 1929 66.
663 1890 850 1941 Princeps
869 1894 1000 1928 autem
1013 1888 1176 1927 esthoec
1191 1887 1366 1926 editinin
1382 1885 1611 1934 Germania,

166 1963 293 2003 eaque
323 1965 404 1991 non
431 1964 483 1992 ex
513 1951 661 1994 Italicis
687 1951 903 2004 exemplis,
915 1951 987 1991 sd
1006 1964 1056 1990 ex
1074 1950 1207 1990 Codd.
1235 1950 1277 1989 in
1311 1949 1525 1991 Germania
1547 1964 1609 1990 re·

164 2014 285 2067 pertis
302 2014 426 2066 iisque
443 2015 557 2054 bonis
574 2015 742 2054 maxime
771 2015 890 2054 ducta
922 2022 1109 2054 censetur
1126 2014 1318 2062 Bentleio,
1337 2013 1406 2067 qui
1422 2014 1479 2069 ‘in
1497 2015 1609 2066 proef.

166 2077 317 2118 Horatii
331 2079 392 2117 sui
410 2086 607 2118 auctorem
625 2079 709 2131 ejus
737 2079 988 2130 indiligenter
1009 2086 1126 2118 vocat
1144 2078 1398 2118 Loscherum.
1453 2078 1499 2117 In
1519 2077 1609 2130 plu·

163 2142 269 2181 rimis
287 2149 417 2182 tamen
436 2155 523 2182 eam
541 2144 746 2184 concinere
765 2143 862 2186 vidit
879 2143 975 2183 Chr.
992 2143 1098 2186 Dav.
1116 2143 1209 2183 Jani
1223 2155 1315 2182 cum
1336 2141 1431 2182 edit.
1452 2142 1608 2180 Manci-

164 2205 259 2244 nelli
271 2218 336 2246 an.
354 2208 472 2246 1492.
499 2207 755 2259 Argumenta,
775 2207 939 2255 scholia,
952 2214 993 2246 et
1011 2206 1167 2259 glossas
1187 2206 1455 2246 interlineares
1474 2205 1609 2252 habet,

164 2268 306 2308 ductas
325 2270 404 2310 fere
421 2283 470 2311 ex
488 2272 660 2323 antiquis
689 2272 1078 2312 commentatoribus.
1136 2271 1289 2316 Icones,
1315 2269 1424 2320 ligno
1455 2268 1607 2315 incisae,

163 2332 284 2372 rudes
296 2340 339 2372 et
355 2346 465 2386 soepe
479 2335 529 2373 ad
549 2336 666 2374 risum
680 2335 880 2387 simplices
900 2343 1008 2383 sunt,
1026 2335 1084 2375 uti
1103 2335 1183 2374 illae
1200 2335 1240 2373 in
1252 2332 1421 2371 Terentii
1434 2331 1607 2370 editione

163 2395 493 2448 Gmningeriana.
549 2399 667 2437 Extat
684 2399 907 2440 hec-editio
936 2400 976 2439 in
1004 2399 1100 2439 bibl.
1122 2395 1420 2448 Archipalatina
1439 2394 1607 2442 Mssnhev

166 2458 247 2505 mii,
265 2467 307 2498 et
323 2461 504 2501 Francof.
523 2474 570 2501 ae
589 2470 823 2504 memoratur
840 2464 880 2502 in
908 2464 1063 2515 Engelii
1088 2462 1183 2502 bibl.
1223 2460 1358 2500 select.
1379 2472 1420 2510 p.
1441 2460 1509 2499 77.
1525 2461 1603 2502 διε.

170 2521 249 2560 Alii
266 2523 394 2562 minus
413 2531 548 2564 curate
565 2525 669 2565 hanc
687 2527 751 2566 ed.
766 2528 938 2567 referunt
957 2528 1007 2567 ad
1027 2541 1092 2566 an.
1114 2528 1231 2566 1497.
1252 2540 1286 2566 s.
1309 2527 1427 2567 1499.
1496 2567 1499 2571 ,

219 2607 275 2617 --
300 2598 389 2625 cum
418 2600 560 2627 comm.
592 2590 683 2630 Act.
711 2590 904 2645 Porphyr.
940 2591 1067 2630 Laud.
1102 2591 1278 2630 Mancin.
1310 2604 1379 2643 per
1409 2591 1603 2633 Joannem

167 2648 373 2702 Aluysium
387 2649 439 2690 de
459 2651 623 2691 Varisio.
643 2654 932 2695 mediolanens.
954 2655 996 2693 d.
1018 2667 1158 2694 xvur.
1177 2655 1262 2695 Jul.
1281 2656 1421 2696 Venet.
1439 2655 1508 2695 fol.

218 2734 275 2744 --
300 2714 539 2766 Operacnm
558 2728 699 2757 com.
716 2720 810 2760 Chr.
832 2718 1014 2758 Landini.
1028 2718 1193 2770 Argent.
1211 2719 1282 2759 fol.

218 2798 275 2808 --
296 2790 369 2830 per
383 2777 532 2832 Georg.
548 2781 799 2823 Astivabene.
818 2784 963 2823 venet.
991 2781 1061 2822 fol.
1079 2782 1178 2822 forte
1194 2796 1279 2836 rep.
1291 2783 1363 2825 ed.
1386 2785 1503 2824 1490.

218 2864 275 2872 —-
300 2841 508 2882 Poetarum
539 2842 801 2886 institutiones
831 2846 884 2886 ad
916 2845 1081 2887 Pisones
1110 2852 1151 2886 et
1174 2847 1275 2901 Epp.
1308 2848 1406 2887 liber
1426 2861 1457 2887 1.
1488 2853 1528 2886 et
1544 2860 1597 2887 11.
