1858 3184
633 268 683 305 Q.
698 265 908 308 rmnxrn
933 266 1125 298 rnAccl.
1486 257 1600 300 1979

165 365 344 416 quamvis
383 355 577 416 copioiius
617 363 739 414 justo,
755 363 961 414 *illustrare
1008 362 1217 411 Horatium
1262 373 1473 412 aggressus
1521 372 1596 410 est,

167 427 313 466 Christ.
334 427 434 467 Dav-
449 427 554 466 Jani.
903 442 905 444 ’

224 491 328 529 1699
356 491 407 536 Q.
430 491 483 529 H.
499 490 544 529 F.
564 489 707 542 Opera,
728 488 780 528 ad
816 488 1048 541 optimorum
1078 486 1355 538 exemplarium
1384 489 1501 529 fidem
1539 503 1599 528 re-

166 554 340 599 censita:
369 560 621 608 accesserunt
637 554 753 593 varies
785 552 988 599 lectiones,
1007 564 1097 602 quse
1127 551 1168 588 in
1202 551 1309 590 libris
1330 553 1431 591 Mss.
1453 560 1493 592 et
1511 566 1597 591 eru-

167 617 337 656 ditorum
371 615 654 657 commentariis
696 622 834 655 notatu
870 614 1065 666 digniores
1106 621 1328 654 occurrunt.
1394 616 1527 667 Opera
1559 623 1600 654 et

165 681 298 720 studio
315 681 403 721 Jac.
421 680 599 735 Talbotii.
615 679 802 718 Cantabr.
822 678 926 730 typis
945 677 1071 717 Acad.
1090 678 1189 731 Imp.
1208 678 1347 718 Jacob.
1366 679 1541 718 Tonson.
1558 682 1598 718 4.

166 743 218 782 R.
230 732 429 785 Bentleius
440 743 606 794 judicat,
621 741 841 780 Talbotium
855 754 933 780 non
953 742 1056 780 male
1076 741 1123 780 de
1141 741 1289 780 Nostro
1304 743 1482 781 meritum
1497 757 1598 783 esse.

166 806 349 846 Ceterum
366 806 406 844 in
424 805 499 861 hac
517 805 720 861 splendide
740 804 929 857 impressa
943 805 1114 844 editione
1137 796 1268 844 textus
1281 805 1433 844 Horatii
1447 819 1599 845 summa

163 869 255 916 fide,
269 869 482 923 diligentia,
501 876 542 908 et
558 882 652 909 cura
668 870 883 908 recensitus
902 875 977 908 est.
1132 875 1136 878 ’

214 955 269 962 -
295 933 345 977 Q.
367 932 420 971 H.
438 933 483 972 F.
512 932 707 972 accedunt
731 934 795 972 Jo.
816 932 1015 985 Rutgersii
1045 933 1251 972 Lectiones
1272 933 1485 972 Venusinae
1506 946 1600 972 cura

161 993 269 1035 Petri
287 995 515 1036 Burmanni.
540 997 707 1048 Trajecti
733 997 822 1035 Bat.
856 1010 921 1049 ap.
961 997 1024 1034 Fr.
1063 996 1207 1035 Halma
1238 1002 1278 1035 et
1307 997 1415 1035 Guil.
1449 1010 1525 1036 van
1549 999 1598 1036 de

163 1058 312 1098 Water.
336 1061 398 1098 12.

220 1124 324 1161 1700
353 1122 517 1161 Minellii
535 1135 598 1161 vr.
617 1123 809 1162 Roterod.
833 1125 897 1163 12.

218 1207 272 1214 —
299 1185 445 1236 Opera.
460 1185 601 1223 Venet.
621 1187 683 1223 12.

219 1270 272 1276 —
297 1247 488 1286 Poiimata
505 1248 648 1286 omnia.
668 1248 787 1299 Typis
808 1249 945 1299 Regiae
966 1248 1161 1287 Celsitud.
1189 1248 1220 1286 F
1222 1249 1362 1288 lorent.
1381 1251 1442 1287 12.

219 1333 273 1339 —
299 1311 383 1349 Lat.
401 1324 438 1349 c.
457 1324 558 1349 vers.
578 1310 684 1350 Gall.
707 1311 810 1350 Hier.
832 1311 1033 1350 Tarteroni
1053 1312 1096 1349 S.
1115 1312 1153 1349 J.
1174 1312 1297 1350 Paris.
1322 1314 1385 1350 12.

222 1374 319 1411 1701
334 1424 339 1428 .
352 1363 535 1411 Carmina
553 1380 782 1425 expurgata,
797 1374 1115 1412 annotationibus
1134 1374 1339 1413 illustrata.
1357 1373 1544 1412 Rothom.
1561 1376 1598 1412 8.

215 1457 271 1464 -—
297 1435 453 1474 Baxteri
474 1450 507 1476 1.
529 1437 703 1488 Eclogae,
722 1450 802 1475 una
832 1450 921 1476 cum
956 1437 1116 1476 scholiis
1151 1437 1363 1489 perpetuis,
1397 1444 1477 1476 tam
1497 1445 1602 1475 vete-

165 1498 270 1537 ribus
298 1512 416 1550 quam
447 1500 572 1546 novis,
592 1501 799 1553 ¹praecipue
829 1513 920 1538 vero
953 1500 1200 1552 antiquorum
1234 1501 1600 1546 Grammaticorum,

166 1553 322 1601 Helenii
349 1563 530 1610 Acronis,
549 1563 832 1615 Pomponiique
852 1564 1152 1616 Porphyrionis:
1183 1564 1325 1615 adjecit
1343 1571 1382 1603 et
1401 1577 1487 1611 sua,
1517 1571 1600 1602 tex-

163 1631 324 1680 tumque
344 1626 406 1664 vel
438 1633 660 1677 corruptum
684 1627 746 1665 vel
765 1628 962 1665 turbatum
982 1627 1151 1665 restituit
1171 1627 1278 1666 Guil.
1300 1628 1458 1666 Baxter.
1477 1627 1600 1664 Lond.

168 1690 206 1727 8.
252 1689 380 1727 Nullis
409 1690 601 1728 Baxterus
621 1703 715 1727 usus
734 1697 794 1728 est
830 1690 932 1729 Mss.
961 1691 1032 1728 sed
1049 1690 1209 1741 vulgata
1227 1691 1395 1728 lectione
1415 1702 1485 1740 pro
1514 1689 1603 1726 fun-

167 1750 350 1790 damento
369 1753 500 1802 posita
517 1765 565 1790 ex
592 1760 818 1790 commentt.
853 1753 1136 1790 animadverss.
1167 1752 1363 1790 interdum
1394 1759 1434 1789 et
1463 1764 1511 1789 ex
1543 1751 1603 1789 in·

168 1814 283 1863 genio
314 1820 462 1858 textum
481 1815 697 1852 constituit.
753 1814 971 1865 Excerpsit,
1004 1814 1111 1865 quod
1141 1822 1270 1852 tamen
1290 1814 1424 1866 majori
1445 1814 1602 1853 delectu

169 1875 252 1913 fieri
269 1876 409 1928 potuit,
428 1885 577 1915 veteres
607 1877 767 1928 interpr.
788 1884 827 1915 et
858 1878 897 1915 in
914 1877 975 1915 his
1003 1878 1121 1915 etiam
1140 1878 1322 1928 quaedam
1353 1876 1599 1919 emendavit:

168 1945 340 1978 ceterum
359 1940 443 1991 ipse
461 1940 576 1978 miser
594 1947 654 1978 est
681 1941 883 1996 interpreS,
903 1930 1020 1979 sensu
1052 1941 1196 1991 quippe
1215 1947 1254 1978 et
1273 1940 1431 1991 ingenio
1446 1941 1602 1991 poetico

167 2002 405 2047 destitutum
433 2003 599 2054 dilogias
629 2012 860 2054 aucupatur,
885 2004 1028 2055 ubique
1060 2004 1316 2055 etymologias
1335 2018 1382 2043 ex
1409 2012 1505 2042 vett.
1525 2005 1602 2041 lin-

147 2107 151 2111 ,
167 2066 270 2117 guis,
290 2066 450 2116 Punica,
470 2067 635 2120 Celtica,
653 2067 876 2105 Britannica
890 2068 1071 2118 propinat
1081 2067 1304 2106 lectoribus.
1343 2068 1452 2105 Fecit
1472 2058 1611 2105 tamen*

167 2130 317 2180 species
336 2130 518 2181 quaedam
537 2131 728 2182 ingeniosi
748 2131 952 2178 acuminis,
973 2138 1012 2169 et
1030 2131 1163 2170 odium
1183 2131 1351 2169 Bentleii
1367 2131 1600 2182 superbioris

165 2193 301 2245 critici,
319 2194 420 2232 utin
439 2194 586 2233 bonore
604 2194 812 2233 haberetur
826 2195 1030 2233 Baxterus.
1086 2194 1185 2232 Haec
1206 2195 1284 2232 fere
1305 2195 1356 2233 cl.
1373 2195 1396 2232 J
1402 2195 1464 2233 ani
1485 2194 1532 2232 de
1554 2207 1600 2232 eo

146 2302 150 2305 ἱ
162 2255 327 2306 judicat.

219 2342 273 2349 —
298 2321 531 2360 Talbotiana
550 2335 601 2360 11.
623 2322 850 2373 Cantabrig.
876 2324 936 2360 12.

220 2405 274 2412 —
300 2396 390 2421 cum
408 2385 584 2422 Juvencii
604 2385 721 2424 notis.
744 2387 782 2424 8.

226 2447 327 2484 1702
355 2446 580 2485 Carminum
599 2447 682 2486 Lib.
702 2461 733 2485 1.
753 2448 875 2487 Paris.
894 2452 933 2486 4.

223 2529 276 2536 —-
302 2509 445 2560 Opera,
465 2522 554 2562 curn
572 2510 675 2548 notis
693 2510 864 2549 Eduardi
883 2525 907 2550 a
925 2512 1064 2549 Zurck.
1095 2509 1220 2546 Lond.
1243 2511 1281 2546 8.

221 2593 274 2598 -
300 2570 432 2621 Opera
450 2579 676 2625 expurgata,
694 2586 781 2612 cum
800 2576 901 2613 notis
920 2574 1111 2612 Juvencii.
1135 2573 1284 2617 Romae,
1304 2573 1342 2609 8.

225 2657 278 2662 —
306 2633 449 2685 Opera,
475 2648 524 2673 ex
559 2635 680 2674 Libris
711 2637 810 2676 Mss.
831 2637 945 2689 juxta
978 2636 1072 2674 edit.
1104 2635 1291 2684 Rutgers.
1322 2642 1362 2672 et
1393 2635 1601 2674 Cantabri-

172 2697 297 2748 giens.
317 2697 442 2736 Lond.
465 2699 526 2736 12.

229 2762 329 2798 1704
357 2761 520 2800 Minellii
545 2775 624 2800 v11.
648 2763 822 2822 Francof.
838 2770 876 2801 et
897 2764 948 2800 H.
969 2762 1065 2813 Typ.
1085 2762 1150 2802 J0.
1172 2761 1260 2800 Nic.
1282 2762 1461 2802 Andreae.
1484 2765 1521 2802 8.
