1858 3184
514 578 876 629 RECENSUS
922 578 1264 628 comcUM
1312 576 1470 626 Mss.
1503 547 1510 553 ’

577 732 808 784 QUINTI
840 731 1118 774 HORATII
1149 728 1394 778 FLACCI,

369 873 455 905 QUI
484 873 537 905 IN
559 874 893 907 BIBLIOTHECIS
915 868 1227 909 BRITANMCIS
1253 874 1605 908 ASSERVANTUR.

1095 1004 1100 1011 κ

325 1147 531 1189 omnus
563 1147 789 1189 Bentleius
817 1147 902 1188 fuit
927 1147 1122 1199 criticus,
1153 1153 1204 1190 ut
1235 1161 1389 1190 omnes
1413 1153 1587 1198 norunt,
1607 1148 1713 1190 satis

267 1214 433 1256 audax.
494 1213 631 1264 Quod
661 1215 718 1256 ad
741 1213 1187 1268 Horatium-spectat,
1211 1216 1400 1258 mutavit
1421 1228 1522 1257 eum
1543 1216 1588 1256 in
1606 1214 1714 1256 locis

266 1293 392 1332 paene
416 1292 555 1321 Dccc.
614 1281 741 1321 Idem
772 1293 892 1334 vere,
922 1282 960 1322 si
991 1294 1114 1335 saepe
1134 1283 1421 1332 errabundus,
1443 1288 1490 1325 et
1510 1283 1716 1324 damnan-

265 1346 366 1396 dus,
400 1348 567 1400 quippe
598 1348 772 1399 ingenio
792 1352 838 1387 et
867 1347 1135 1401 conjecturis
1166 1349 1294 1389 nimis
1320 1349 1529 1399 oonfisus‚
1561 1349 1714 1389 extitit

265 1413 397 1453 simul
429 1413 539 1454 felix
575 1426 715 1466 saepe,
746 1426 799 1454 ac
831 1412 1125 1454 admirandus.
1185 1415 1269 1456 Est
1303 1415 1416 1455 enim
1436 1415 1512 1455 ubi
1532 1414 1710 1455 codices

266 1478 380 1519 Mss.
392 1480 483 1533 ipsi
498 1479 654 1520 misere
669 1480 900 1524 erroribus,
915 1492 1005 1532 prae
1022 1480 1264 1520 scribarum
1279 1480 1543 1532 ignorantia,
1557 1479 1712 1521 foedati

266 1551 382 1595 sunt,
404 1559 516 1599 quos
551 1546 632 1586 viri
659 1546 902 1598 sagacitate
938 1548 983 1586 et
1005 1545 1204 1588 doctrina
1235 1547 1428 1600 praediti,
1453 1552 1585 1600 atque
1605 1547 1712 1586 artis

266 1612 432 1653 criticae
464 1612 606 1665 periti,
645 1611 779 1652 facile
819 1611 990 1665 possint
1029 1612 1352 1665 deprehendere
1385 1618 1433 1654 et
1465 1612 1711 1654 emendare.

265 1678 324 1719 Et
342 1690 499 1719 revera
526 1678 570 1718 in
600 1677 796 1719 editione
827 1690 911 1719 sua
942 1677 1122 1719 Horatii
1151 1680 1271 1720 nullo
1294 1679 1425 1720 modo
1447 1679 1616 1721 auxilia
1636 1691 1711 1720 oo-

266 1745 416 1786 dicum
435 1746 600 1799 sprevit
621 1745 878 1797 Bentleius;
908 1745 1044 1786 immo
1065 1745 1123 1786 ad
1145 1759 1221 1787 eos
1235 1746 1420 1787 multum
1437 1746 1712 1800 provocavit,

265 1811 595 1866 affirmavitque,
617 1825 666 1853 se
689 1812 880 1865 optimos
902 1823 1056 1852 omnes
1079 1811 1357 1853 Britannicos
1386 1812 1583 1853 studiose
1611 1824 1714 1853 con·

212 1899 216 1902 ·
266 1879 470 1919 suluisse.
530 1878 630 1919 Nos
664 1879 794 1930 igitur
824 1878 965 1920 virum
999 1878 1177 1920 doctum
1211 1879 1284 1919 hic
1318 1879 1409 1920 loci
1440 1880 1627 1921 breviter
1645 1891 1711 1920 se-

266 1958 464 1997 quemur.

553 2084 719 2127 Codices
739 2085 1092 2141 Cantabrigienses
1113 2092 1151 2126 et
1172 2084 1427 2127 Oxonienses.

311 2183 406 2224 ‘Ex
426 2183 719 2235 Britannicis‚'
747 2185 813 2226 ait
833 2185 1081 2234 Bentleius‚
1102 2186 1243 2238 ‘quos
1268 2197 1419 2226 omnes
1450 2186 1537 2239 ipsi
1565 2186 1707 2227 oculis

266 2251 590 2303 usurpavimus,
606 2252 799 2304 palmam
819 2251 948 2292 facile
966 2250 1106 2292 aufert
1125 2251 1285 2292 Codex
1310 2250 1483 2306 collegii
1504 2250 1709 2307 Reginca-

265 2317 331 2368 sis,
353 2316 533 2368 Oxonii,
562 2329 668 2359 Dec.
696 2331 907 2360 annorum
927 2323 973 2360 et
1006 2319 1063 2359 ab
1083 2318 1202 2359 omni
1229 2321 1353 2372 parte
1381 2318 1572 2372 integer:
1603 2323 1710 2372 post

267 2385 380 2426 hunc
410 2384 518 2425 liber
543 2397 568 2426 e
586 2385 799 2430 Biblioth.
834 2384 977 2440 Regiae
1012 2383 1225 2425 societatis
1252 2383 1460 2434 Londini,
1489 2385 1600 2426 alter
1626 2382 1710 2425 Pe-

267 2451 410 2491 trensis
432 2450 592 2492 Domus
612 2451 921 2505 Cantabrigiae,
939 2452 1093 2493 tertius
1121 2449 1295 2506 collegii
1314 2449 1507 2505 Magdal.
1527 2451 1710 2500 Oxonii,

269 2522 448 2569 quartus
469 2520 549 2560 viri
568 2519 836 2561 ornatissimi
868 2517 1025 2573 Rogeri
1058 2516 1197 2568 Galei,
1223 2519 1407 2573 quintus
1428 2517 1540 2559 Rev.
1560 2517 1709 2559 admo·

270 2582 374 2624 dum
397 2582 589 2639 Episcopi
610 2583 800 2637 Eliensis,
821 2585 896 2639 qui
924 2585 1008 2625 sub
1027 2585 1166 2625 initiis
1194 2584 1493 2639 typographiae
1516 2584 1707 2637 scriptus

269 2653 339 2688 est
360 2651 514 2691 eadem
534 2652 666 2705 plane
686 2665 817 2705 manu
839 2664 892 2693 ac
914 2651 1019 2693 alter
1045 2664 1069 2692 e
1108 2650 1288 2706 Collegio
1319 2649 1451 2705 Regio
1480 2649 1707 2692 Cantabri-

269 2714 367 2766 giae,
390 2718 463 2768 qui
485 2717 597 2758 falso
620 2718 839 2771 prae'conio
869 2716 1092 2758 Bembimts
1116 2718 1374 2759 venditatur.
1435 2716 1604 2757 Praeter
1622 2716 1703 2757 hos
