1858 3184
247 233 356 276 1788

247 338 368 368 tiarum
385 336 573 373 commoda,
589 340 626 368 nt
642 345 682 368 ιι.
696 338 766 368 Sat.
783 340 813 368 3.
833 338 842 354 ‘
857 337 942 367 Oui«.

245 386 297 419 nis
325 386 415 418 cuim
445 395 510 425 res,
539 386 667 422 Virtus.
696 385 800 425 fama,
824 386 942 425 decus,

246 436 361 468 diviua
386 436 596 477 humanaque
625 435 772 476 pulchris
801 434 940 466 Divitiis

247 485 393 526 parent!
428 485 557 517 Merito
571 485 676 525 igitur
689 486 699 503 ‘
710 484 824 525 regina
838 494 937 524 pecu-

244 536 324 576 nia,’
346 545 422 577 quae
445 535 555 567 omnia
581 539 765 575 temperat,
787 534 940 566 omnibus

243 585 399 626 imperat.
411 591 415 596 “
426 585 571 616 Torreat.

287 638 328 667 3⁷
352 635 397 666 Et
409 634 523 675 genus]
542 633 779 668 Nobilitatem.
814 634 940 673 Regina

241 683 388 725 pecunia]
418 683 570 715 Pecunia
597 683 632 714 in
660 683 761 715 rebus
787 683 939 714 humanis

243 743 382 775 regnum
398 733 567 765 obtinens.

284 786 326 814 38
350 782 496 824 Suadela,
525 783 699 824 Venusque]
730 784 836 816 Suada
872 784 941 826 qui-

243 832 320 865 dem
335 834 406 865 sive
423 834 570 874 Suadela,
593 835 725 866 Graecis
748 837 847 868 Πειθὼ
870 836 939 867 dic-

243 887 291 919 ta,
307 893 375 914 una
390 893 464 915 cum
481 884 630 923 Venere,
651 888 687 916 et
708 885 807 925 Jove,
823 890 859 917 et
878 885 938 918 Ju-

242 941 341 973 uone,
356 938 391 965 et
407 933 530 972 Diana,
546 934 635 965 inter
649 934 822 975 nuptiales
848 935 938 966 Deos

243 991 263 1013 a
291 982 476 1015 Plutarcho
504 983 538 1014 in
568 984 665 1015 Rom.
697 985 938 1025 quaestionibus

241 1038 480 1064 enumeratur:
513 1042 624 1074 neque
657 1043 773 1066 eorum
810 1035 939 1075 opinio-

242 1091 320 1114 nem
336 1082 496 1114 damnare
518 1084 637 1122 ausim,
659 1084 715 1125 qui
732 1083 873 1116 Poetam
889 1085 939 1116 sic

242 1132 524 1173 interpretantur,
537 1137 574 1164 ut
584 1133 616 1164 in
625 1133 845 1165 conciliandis
857 1144 940 1175 nup-

243 1181 311 1222 tiis,
326 1181 382 1213 ubi
395 1182 518 1214 nummi
535 1182 848 1222 adsint‚Suadelam
859 1193 939 1224 quo-

243 1240 307 1272 que
327 1236 363 1263 et
384 1232 566 1272 Venerem,
586 1231 670 1263 duas
686 1233 939 1272 potentissimas

242 1281 324 1312 deas
361 1286 485 1322 pra-sto
519 1291 593 1313 esse
629 1282 741 1320 dicat3
779 1282 938 1323 quoniam

242 1335 323 1362 ante
339 1335 451 1362 tamen
468 1331 646 1371 speciatim
657 1331 700 1362 de
716 1341 823 1363 uxore
839 1332 939 1372 dixit,

241 1380 313 1411 haec
336 1379 379 1411 de
394 1380 538 1411 Suadela
553 1384 588 1412 et
602 1381 738 1412 Venere
760 1380 866 1412 verba
882 1391 938 1422 ge·

241 1431 386 1462 neratim
416 1430 540 1471 exponi
563 1430 697 1461 malim:
721 1435 759 1461 ut
785 1430 938 1472 quisquis

242 1480 373 1511 scilicet
390 1485 580 1511 nummatus
596 1485 659 1515 est,
676 1479 724 1511 ita
745 1490 939 1521 quamcum-

241 1540 306 1571 que
323 1540 393 1561 rem
417 1530 645 1570 aggrediatur,
658 1531 750 1561 Deas
765 1531 865 1561 hasce
880 1529 939 1560 ha-

242 1580 324 1611 bere
340 1580 515 1621 propitias,
537 1589 577 1611 ac
591 1579 734 1620 proinde
748 1589 785 1610 se
800 1578 938 1610 felicem

241 1630 361 1661 credat
375 1640 384 1661 ε
408 1634 445 1661 ut
459 1630 536 1661 olim
552 1630 645 1661 Sulla
660 1638 702 1660 eo
723 1628 856 1660 nomine
871 1629 939 1659 Ve-

241 1689 358 1710 nerem
386 1680 558 1720 praecipue
585 1679 708 1718 coluit;
732 1683 768 1710 et
791 1684 828 1709 ut
844 1678 940 1710 Felix

241 1728 371 1767 Romae,
396 1728 444 1759 sic
469 1729 558 1760 iuter
581 1729 724 1760 Graecos
746 1726 940 1769 Ἀφροδίσιος

242 1778 434 1818 appellatus
448 1782 511 1808 est.
549 1776 640 1808 Vide
654 1777 804 1809 Turneb.
822 1786 874 1808 lx.
886 1779 940 1809 30.

241 1831 278 1858 et
294 1835 370 1858 xm.
388 1829 440 1858 16.
465 1833 500 1858 et
517 1835 608 1858 xxii.
634 1830 665 1858 8.
712 1826 860 1867 Suadela,
881 1827 940 1860 Ve-

241 1876 372 1916 nusque]
397 1876 599 1914 Eloquentia
613 1881 649 1906 et
663 1882 833 1907 venustas.

285 1927 327 1956 39
348 1923 520 1963 Mancipiis
545 1924 694 1964 locuples]
730 1925 814 1955 Esto
845 1933 939 1955 num—

242 1979 353 2007 matus
377 1980 413 2006 et
439 1974 602 2014 locuples,
623 1983 690 2005 nou
714 1983 887 2005 servorum
904 1979 940 2006 et

241 2026 404 2057 clientum
420 2024 531 2064 modo,
546 2023 653 2065 qualis
667 2028 720 2054 est
736 2023 939 2065 Cappadox,

242 2075 302 2107 sed
325 2075 480 2116 pecuniae
497 2083 649 2115 qnoque3
674 2083 740 2105 non
757 2074 846 2104 enim
870 2083 939 2105 ser-

241 2135 358 2157 vorum
371 2124 553 2156 multitudo
569 2129 604 2155 te
619 2123 743 2155 ditabit
758 2133 939 2165 regemque

241 2174 361 2211 faciet,
386 2183 461 2216 quae
487 2173 580 2205 oneri
606 2173 718 2214 potins
745 2177 810 2214 est,
837 2183 938 2214 quam

241 2224 370 2264 honori,
385 2222 443 2254 sed
471 2222 616 2264 pecunia
638 2228 673 2254 et
696 2222 809 2263 ampla
826 2231 938 2254 rerum

242 2276 423 2318 possessio,
452 2274 584 2316 qualem
613 2273 732 2305 habuit
765 2274 938 2306 Lucullus.

244 2326 339 2366 Cruq.
385 2325 599 2365 Cappadocum
618 2323 691 2365 rex]
725 2323 847 2365 Neque
873 2324 938 2356 hoc

241 2376 345 2408 etiam
360 2376 435 2407 loco
449 2374 527 2406 viris
537 2373 742 2419 doctissimis
758 2374 936 2414 assentior,

242 2426 299 2467 qui
329 2425 541 2466 Cappadocum
561 2433 664 2464 regem
689 2432 749 2464 pro
771 2433 938 2464 mangone

243 2481 299 2506 aut
316 2475 528 2506 venalitiario
547 2478 733 2514 exponunt.
776 2473 857 2504 Meo
873 2473 937 2505 ita-

244 2535 310 2568 que
322 2526 454 2566 judicio
467 2525 617 2564 divitias,
632 2534 732 2556 avaro
750 2524 937 2561 blandiens,

242 2577 290 2607 sic
313 2575 447 2606 extollit
464 2575 650 2613 Horatius3
674 2578 712 2606 ut
731 2583 773 2606 ne
797 2584 938 2615 reguum

243 2624 380 2666 quidem
395 2624 623 2663 expetendum
638 2633 711 2655 esse
727 2623 882 2666 affirmet,
899 2625 938 2661 si,

243 2680 282 2706 nt
309 2673 548 2714 Cappadocum
576 2682 635 2703 seu
660 2674 768 2715 reguli
790 2683 848 2706 seu
870 2675 938 2716 pri-

243 2728 352 2756 mates
368 2723 490 2762 solent,
507 2722 539 2752 in
560 2731 675 2753 servos
691 2724 827 2764 quidem
844 2729 940 2766 quot-

244 2778 326 2817 quot
340 2773 422 2806 velis
437 2771 614 2814 imperium
627 2772 763 2814 habeas,
776 2774 835 2806 sed
849 2783 940 2806 num-

699 245 839 275 No'rAE
875 245 1091 275 VARIORU
1104 245 1133 273 M
1171 245 1218 274 ΙΝ

990 337 1051 367 mis
1068 345 1195 372 careas,
1210 340 1248 366 ut
1264 345 1351 366 nunc
1369 344 1500 376 quoque
1515 335 1548 366 in
1564 335 1685 368 barba-

990 387 1036 417 ris
1066 385 1265 427 quibusdam
1301 385 1491 416 nationibus
1519 387 1686 418 usuvenit.

991 436 1213 476 Cappadoces
1236 440 1362 475 autem,
1375 445 1444 467 non
1463 435 1571 467 miuus
1586 445 1685 476 quam

988 487 997 503 ‘
1012 486 1110 517 Sardi
1125 485 1283 525 venales,'
1305 486 1471 517 celebrari
1494 485 1594 517 etiam
1614 494 1689 526 pro-

992 535 1106 566 verbio
1133 535 1272 575 possint.
1307 535 1458 566 Tui-neb.
1479 544 1573 567 xxn.
1595 538 1627 566 8.
1653 541 1688 567 et
1740 571 1746 577 .

990 594 1095 616 xxvi.
1110 588 1160 616 16.
1175 589 1210 616 et
1225 593 1313 616 xxx.
1329 587 1361 616 7.
1387 585 1532 616 Torrent.

1031 637 1074 666 40
1097 635 1209 666 Fueris
1231 635 1281 666 hic
1307 635 1357 675 tu]
1383 635 1473 665 Nolo
1497 644 1562 675 ego
1586 638 1624 665 ut
1649 638 1686 666 tu

991 684 1035 715 sis
1053 685 1142 722 talis,
1160 685 1268 725 qualis
1284 683 1350 715 fuit
1368 693 1428 714 rex
1446 683 1689 723 Cappadociae,

990 735 1045 775 qui
1065 744 1130 765 una
1154 744 1190 766 re
1208 734 1382 766 abundans
1397 733 1533 765 caeteris
1549 733 1689 774 egebat,

991 784 1051 815 sed
1077 784 1329 825 Philosophiam
1354 792 1509 824 sequere,
1526 782 1581 814 cui
1604 783 1687 814 nihil

990 833 1109 865 deesse
1121 839 1250 875 potest,
1263 838 1298 865 et
1314 833 1393 865 talis
1405 832 1606 873 esto‚qualis
1621 831 1688 864 fuit

992 885 1161 916 Lucullus.
1217 884 1401 924 Chlamydes
1426 881 1591 923 Lucullus]
1619 881 1687 913 Hic

990 934 1046 966 ille
1075 936 1233 967 Lucullus
1260 936 1269 953 ‘
1287 935 1424 966 Xerxes
1450 932 1603 974 togatus'
1627 943 1688 974 ap-

990 986 1134 1026 pellatus
1146 985 1189 1017 ob
1201 990 1402 1026 occupatum
1417 983 1571 1016 aedificiis
1583 992 1687 1023 mare,

990 1039 1025 1066 et
1046 1040 1245 1076 coaequatos
1271 1038 1413 1066 montes.
1458 1032 1561 1064 Hunc
1584 1032 1688 1072 igitur

990 1084 1100 1124 potius
1126 1083 1351 1115 aemulandum
1387 1083 1549 1124 proponit
1577 1082 1688 1114 Hora-

989 1134 1078 1165 tius:
1103 1133 1188 1165 adeo
1205 1134 1417 1174 opulentum,
1439 1126 1478 1163 ut
1499 1136 1508 1149 ⁴
1526 1140 1601 1163 cum
1617 1140 1688 1162 om-

989 1184 1088 1215 nibus
1115 1183 1239 1215 modis’
1263 1182 1369 1225 (quod
1395 1181 1551 1214 Catilinae
1578 1180 1688 1212 verbis

990 1235 1038 1266 ait
1063 1232 1259 1274 Sallustius)
1297 1234 1306 1249 ‘
1329 1232 1505 1272 pecuniam
1535 1231 1687 1262 traheret

990 1288 1212 1324 vexaretque,
1239 1291 1368 1313 summa
1398 1285 1510 1312 tamen
1542 1280 1686 1319 libidine

989 1332 1123 1363 divitias
1140 1342 1216 1363 suas
1231 1332 1366 1362 vincere
1382 1328 1564 1371 nequiret!
1600 1329 1685 1370 Ejus

989 1382 1090 1423 igitur
1105 1381 1288 1413 affluentiae
1303 1380 1495 1420 exemplum
1513 1378 1568 1410 liic
1581 1379 1687 1410 cerni·

988 1441 1072 1463 mus.
1122 1431 1278 1463 Clamides
1305 1436 1418 1462 autem
1446 1435 1482 1461 et
1513 1430 1687 1461 Clamidum

987 1481 1115 1513 habent
1128 1481 1193 1513 duo
1209 1480 1430 1512 vetustissimi
1446 1480 1533 1511 libri.
1560 1480 1651 1511 'lbi-r.

1028 1534 1068 1563 41
1084 1531 1245 1572 Praebere]
1263 1531 1484 1563 commodata
1501 1529 1595 1561 dare.
1620 1530 1686 1561 Ro-

986 1581 1095 1622 gatus]
1118 1582 1268 1622 Rogatus
1285 1591 1305 1613 a
1321 1573 1477 1613 P'raetore
1493 1579 1535 1612 ad
1552 1586 1687 1620 specta—

988 1632 1099 1663 culum
1116 1631 1367 1663 celebrandum.

1030 1685 1072 1714 42
1097 1682 1162 1718 Qui
1171 1685 1301 1722 possunt
1317 1681 1379 1722 tot]
1400 1682 1480 1713 Non
1505 1680 1609 1713 credo
1633 1689 1686 1711 me

990 1735 1042 1763 tot
1057 1731 1196 1771 habere,
1212 1732 1323 1773 inquit
1338 1731 1510 1763 Lucullus.

1030 1784 1072 1813 44
1097 1781 1229 1813 Tollere!
1244 1780 1361 1822 omnes]
1383 1781 1550 1813 Sumeret.

1032 1832 1073 1861 45
1099 1830 1205 1862 Exilis
1233 1831 1341 1862 domae
1367 1830 1429 1871 est]
1473 1831 1604 1862 Domus
1633 1836 1687 1863 est

992 1880 1112 1917 inanis,
1125 1885 1160 1910 et
1176 1880 1270 1910 bonis
1293 1889 1358 1910 non
1375 1879 1516 1920 referta,
1535 1880 1604 1919 nbi,
1619 1883 1686 1913 διε.

990 1928 1097 1959 Multa
1106 1927 1284 1967 supersunt]
1301 1928 1387 1958 Haec
1400 1928 1555 1959 nimirum
1567 1929 1602 1960 in
1615 1935 1688 1961 tan·

991 1982 1025 2008 ta
1041 1977 1139 2017 copia
1154 1977 1296 2008 divitum
1314 1976 1421 2008 libido
1436 1982 1500 2013 est,
1523 1983 1558 2009 ut
1574 1979 1687 2010 miseri

990 2026 1054 2057 sibi
1082 2025 1276 2063 videantur,
1299 2026 1362 2057 nisi
1388 2027 1495 2057 multa
1521 2033 1685 2068 pereant3

989 2076 1023 2107 in
1046 2076 1120 2107 sola
1145 2076 1204 2107 illa
1235 2077 1476 2117 exsnperamia
1503 2077 1686 2109 beatitudi-

990 2135 1067 2157 nem
1080 2126 1297 2158 collocantes.
1341 2125 1440 2158 Quod
1457 2135 1531 2158 cuni
1546 2135 1627 2158 vere
1643 2129 1687 2159 sit

990 2175 1098 2215 abuti,
1137 2175 1280 2216 perinde
1315 2174 1517 2207 detestabile
1554 2181 1617 2212 est,
1645 2185 1687 2208 ac

989 2235 1123 2266 prorsus
1147 2234 1212 2256 non
1237 2225 1299 2260 uti,
1321 2234 1398 2256 nam
1420 2234 1486 2256 non
1510 2225 1621 2258 utenti
1637 2225 1687 2257 di·

990 2276 1081 2307 vitiae
1106 2275 1242 2317 quidem
1268 2284 1380 2317 neque
1405 2279 1548 2316 prosunt
1574 2285 1687 2317 neque

989 2330 1185 2357 ornamento
1200 2329 1300 2356 sunt:
1319 2324 1516 2356 abutentem
1530 2334 1611 2356 vero
1621 2326 1685 2357 eti—

990 2385 1042 2406 am
1059 2374 1187 2406 laeduut
1208 2378 1244 2405 et
1263 2373 1450 2414 ignominia
1465 2373 1630 2406 afficiunt.
1647 2381 1686 2407 ut

990 2426 1153 2466 praeclare
1179 2425 1384 2456 Plutarchus
1410 2424 1466 2456 lib.
1497 2423 1565 2465 περὶ
1593 2429 1685 2457 Φιλο-

988 2477 1148 2518 raamias,
1177 2478 1187 2494 ‘
1205 2475 1340 2517 Atqui‚'
1370 2475 1493 2517 inquit,
1521 2477 1608 2508 ‘non
1633 2478 1684 2508 his

989 2527 1147 2569 equidem
1171 2526 1379 2566 indigemus:
1404 2525 1463 2556 sed
1483 2525 1606 2567 quibus
1631 2536 1686 2559 su·

989 2575 1198 2618 perfluimus,
1215 2575 1266 2606 liis
1281 2574 1398 2607 felices
1419 2584 1458 2607 ac
1474 2575 1565 2607 beati
1581 2574 1685 2607 effici·

989 2636 1062 2657 mur
1075 2626 1096 2665 3'
1118 2626 1260 2666 perinde
1275 2635 1314 2656 ac
1335 2625 1361 2656 si
1377 2625 1419 2656 ad
1436 2634 1593 2666 pompam
1611 2631 1684 2656 tau·

989 2681 1060 2708 tum
1093 2685 1132 2707 ac
1161 2675 1408 2716 spectaculum,
1437 2684 1503 2706 nou
1533 2674 1575 2707 ad
1602 2675 1682 2706 vitae

990 2735 1084 2762 usum
1098 2725 1227 2756 divitiae
1241 2725 1444 2765 expetendae
1460 2724 1538 2755 sint.
1564 2724 1653 2756 Torr.

1031 2777 1073 2808 46
1095 2775 1139 2807 Et
1153 2774 1308 2806 dominum
1318 2772 1455 2814 fallunt]
1478 2773 1682 2815 Ignorantur
