1858 3184
266 201 382 247 1940
727 213 934 246 ΝοίΊτιΑ
972 212 1267 248 mmmmm.

268 313 433 365 Anglico
454 313 620 360 Horatii,
639 313 705 365 qui
724 312 1021 353 dissertationes
1042 327 1149 361 suas,
1169 314 1299 367 poetae
1318 313 1374 354 illi
1405 326 1540 367 parum
1558 329 1710 369 equae,

267 390 357 430 quoe
378 384 493 418 vocat
513 377 714 423 scrutinia,
734 378 932 430 opposuit,
950 378 1153 431 respondit
1171 377 1287 427 alius,
1306 379 1440 418 nescio
1459 377 1563 430 quis,
1578 379 1715 420 eodem

266 442 467 489 idiomate,
487 443 549 481 An
584 455 735 480 answer
754 448 795 480 to
833 442 898 480 the
920 443 1199 495 scrutiny,&e.
1240 442 1368 482 Lond.
1386 444 1503 483 1708.
1539 444 1575 481 8.
1622 443 1717 484 vid.

268 506 548 558 Ephemerides
569 506 695 545 Paris.
719 507 834 545 1709.
868 519 1002 546 mense
1025 507 1138 546 Febr.
1158 519 1198 558 p.
1219 508 1314 547 256.
1344 520 1405 559 sq.
1461 505 1719 549 consulenda

267 571 383 610 etiam
401 570 530 622 po‘dtae
552 570 656 608 Galli
677 571 855 622 insignis,
876 571 1008 617 Motti,
1029 570 1096 622 (de
1117 570 1156 610 la
1175 571 1336 621 Motte,)
1362 571 1588 610 dissertatio
1613 570 1738 611 Odiss

266 634 390 686 ipsius
420 634 624 685 praemissa
643 634 691 673 de
712 635 829 674 Poesi
854 635 1006 687 Lyrica,
1041 635 1167 674 Paris.
1192 636 1312 675 1709.
1337 636 1399 673 12.
1420 641 1474 682 et,
1493 647 1612 687 quam
1632 634 1719 675 lau-

269 698 411 738 dabam
433 711 567 750 supra,
594 699 821 738 exercitatio
855 698 920 739 Jo.
950 699 1058 738 Guil.
1079 699 1252 751 Bergeri,
1289 699 1397 738 Prof.
1428 698 1631 751 Viteberg.
1663 698 1715 738 de

269 761 526 814 Philosophia
559 762 728 809 Horatii,
761 776 797 802 a.
820 764 937 803 1704.
959 763 1078 813 edita,
1111 776 1191 815 qua
1211 763 1453 802 Eclectieum
1470 775 1560 801 eum
1581 762 1720 810 fuisse,

268 834 702 879 etaquorumcumque
740 826 1071 880 Philosophorum
1102 827 1327 880 disciplina,
1358 841 1449 879 quae
1483 826 1559 878 ipsi
1577 827 1721 878 proba-

267 897 415 939 rentur,
433 904 523 931 cum
551 891 702 943 judicio
723 890 920 930 delibasse
941 892 1134 944 disputat.
1163 891 1358 943 Lessiugii
1385 891 1615 943 Rettungen
1646 889 1720 929 des

268 955 415 1004 Horaz,
434 956 539 1008 opp.
570 955 617 995 T.
639 968 713 995 111.
734 955 861 995 Berol.
887 957 1005 995 1754.
1054 957 1102 995 C.
1123 957 1171 995 A.
1188 956 1317 995 Klotz.
1353 955 1403 994 de
1421 955 1524 994 felici
1555 954 1724 994 audacia.

268 1020 438 1068 Horatii,
466 1020 556 1059 Jen.
581 1021 700 1059 1762.
730 1020 792 1071 Ej.
815 1020 994 1059 vindicioe
1015 1020 1182 1068 Horatii,
1202 1020 1334 1059 Brem.
1354 1020 1474 1058 1764.
1527 1019 1589 1071 Ej.
1623 1018 1722 1058 Lec-

268 1084 397 1123 tiones
434 1083 666 1130 Venusinae,
705 1083 812 1134 Lips.
854 1085 971 1122 1770.
1014 1083 1218 1122 Walchius
1253 1083 1303 1121 de
1333 1081 1587 1134 philosophia
1621 1082 1721 1121 Hor.

270 1147 419 1194 stoica,
439 1146 530 1186 Jen.
553 1146 672 1186 1764.
713 1146 753 1185 J.
774 1146 819 1185 F.
840 1147 987 1198 Engeri
1014 1146 1328 1186 commentatiol.
1363 1145 1401 1184 in
1436 1145 1584 1185 selecta
1619 1145 1718 1185 Hor.

269 1211 373 1259 loca,
393 1210 555 1249 Vratisl.
579 1210 696 1248 1777.
744 1209 797 1255 Q.
819 1211 1010 1251 Horatius
1031 1211 1198 1251 Flaccus
1216 1210 1314 1251 door
1332 1209 1383 1250 R.
1398 1222 1474 1250 van
1495 1209 1721 1250 Ommeren.

272 1274 466 1314 Amsteld.
493 1275 606 1312 1790.
625 1275 663 1313 8.
