1858 3184
233 179 348 223 1924

233 283 364 326 nigram
392 283 508 326 fuisse,
531 288 567 317 ut
583 285 655 318 Sat.
674 295 739 318 vu.
761 287 771 305 ⁴
789 285 937 328 Adposh

234 339 303 367 tam
316 335 423 376 nigrae
440 336 551 367 lunam
569 336 723 369 subtexit
738 337 866 370 alutae!
902 338 937 370 Si

231 385 323 418 euim
339 386 454 418 lunula
473 387 562 426 liaec,
577 396 654 429 qnae
670 387 761 419 cirea
777 387 862 420 talos
877 388 936 420 ad·

231 439 309 468 suta
326 441 415 477 erat,
432 437 682 470 subtexebatur
693 438 798 480 nigrae
810 440 912 471 alutae
926 450 936 480 ;

173 499 177 501 ·
230 496 313 528 ergo
331 497 410 528 pars
434 487 574 529 quidem
598 489 706 521 calcei
731 499 808 531 quae
830 499 935 532 supra

230 537 317 568 talos
333 542 421 578 erat,
437 542 475 569 et
489 548 569 570 crus
585 538 806 580 impediebat,
823 550 865 571 ex
884 541 932 571 ni-

229 594 290 627 gra
305 587 402 619 aluta
413 592 514 628 erat;
543 598 609 621 non
632 589 690 621 illa
706 599 781 632 quas
799 591 884 622 talos
897 595 933 622 et

230 635 354 676 pedem
382 638 547 679 tegebat:
573 639 661 670 unde
687 640 766 671 mihi
794 649 932 681 persna-

229 685 296 718 deo
312 688 476 729 corrigias
493 689 628 730 quidem
645 695 681 722 et
698 691 770 722 lora
787 691 932 732 patricia

229 746 272 768 ex
288 737 387 778 nigra
407 739 502 770 aluta
516 738 640 779 fuis-§133
658 750 724 772 non
743 751 824 773 vero
841 741 933 782 ipsos

228 786 376 827 calceos,
401 789 458 830 qui
488 789 541 821 vel
567 790 636 822 albi
658 795 771 831 erant,
786 792 840 823 vel
856 800 933 823 coc-

227 836 328 874 cinei,
345 838 399 870 vel
421 839 545 880 aurati,
572 841 624 871 vel
645 841 752 873 etiam
780 841 935 880 κεντητοί.

228 888 317 919 Vide
335 888 487 922 Martial.
499 899 566 922 vu.
580 893 634 923 82.
679 891 811 923 Tamen
829 892 934 924 etiam

229 938 341 979 aliqua
357 938 556 972 differentia
572 939 678 972 fuisse
695 942 831 974 videtur
846 943 935 974 inter

225 987 361 1020 calceos
377 989 542 1029 patricios
557 995 594 1022 et
606 992 796 1031 senatorios
812 992 846 1023 in
863 993 935 1033 ipsa

226 1036 411 1070 inflexione
434 1038 627 1080 ligularum,
649 1041 740 1082 quod
763 1041 864 1073 elicio
890 1050 933 1073 ex

224 1087 367 1120 ›Zonara
393 1088 517 1121 Annal.
540 1090 599 1121 lib.
622 1099 664 1122 11.
679 1093 752 1122 Τοῖς
764 1091 827 1132 γὰρ
840 1092 933 1124 εὔπα-

224 1138 351 1179 miram,
383 1138 507 1180 inquit,
531 1139 574 1171 τὰ
602 1139 786 1179 ὑποδήματα
812 1141 936 1174 ἀστνκὰ

227 1187 279 1219 καὶ
301 1188 348 1229 τῇ
371 1189 546 1232 ἐπαλλαγῇ
565 1192 630 1221 τῶν
655 1190 792 1230 ἱμάντων
813 1192 865 1224 καὶ
885 1193 933 1233 τῷ

222 1237 313 1278 τύπῳ
333 1240 392 1270 τοῦ
404 1239 588 1281 γράμματος
601 1240 827 1281 ἐκεκόσμηντο.
874 1241 932 1274 ΑΙ-

226 1293 337 1321 terum
375 1292 511 1332 patricii
548 1293 656 1324 calcei
694 1298 932 1325 ornamentum

226 1343 301 1370 erat
323 1340 442 1371 lunula
458 1341 592 1372 adsuta.
636 1343 732 1374 Luna
749 1348 878 1384 autem,
894 1349 933 1376 ut

225 1388 377 1420 Isidorus
407 1390 467 1430 ait,
490 1390 526 1421 in
553 1391 603 1422 eis
627 1401 694 1422 non
720 1392 842 1423 sideris
863 1389 932 1424 for-

225 1448 326 1475 mam,
356 1440 416 1471 sed
443 1445 558 1472 notam
584 1442 773 1473 centenarii
799 1443 930 1474 numeri

226 1488 454 1530 significabat,
465 1491 554 1533 quod
568 1491 666 1523 initio
682 1492 822 1524 Patricii
834 1502 931 1524 sena-

224 1543 318 1572 tores
336 1544 474 1572 centum
488 1540 627 1574 fuerint.
643 1542 838 1574 Communis
851 1543 932 1575 ‹loc-

227 1594 339 1622 torum
356 1591 484 1632 opinio,
506 1590 609 1623 fuisse
631 1592 770 1624 fibulam
785 1593 932 1625 eburne-

226 1649 280 1670 am
296 1640 386 1671 lnnae
398 1642 641 1673 corniculantis
658 1642 789 1682 specie,
802 1643 834 1673 in
851 1644 932 1675 mal-

225 1690 315 1721 leolo
333 1690 450 1730 pedis:
479 1700 556 1731 qnae
580 1695 694 1722 tamen
717 1701 783 1722 non
799 1691 932 1724 satisfa-

226 1740 276 1771 cit
291 1740 392 1779 mihi;
421 1741 520 1772 video
536 1742 627 1773 enim
643 1742 678 1773 in
695 1742 846 1783 antiquis
862 1748 932 1775 sta-

227 1790 295 1821 tuis
329 1790 449 1822 fibulas
479 1792 673 1824 calceorum
704 1802 771 1824 non
805 1794 933 1834 apponi

225 1841 389 1872 malleolis
427 1841 567 1883 pedum,
606 1843 665 1874 sed
698 1842 732 1874 iu
764 1844 930 1884 superiori

224 1893 324 1930 parte
340 1890 449 1930 pedis.
495 1890 564 1922 Alii
579 1901 642 1931 per
657 1892 808 1924 lunulam
823 1893 930 1932 patri-

225 1939 313 1970 ciam
339 1940 500 1970 uncinum
525 1940 735 1980 intelligunt,
761 1941 795 1970 in
817 1940 930 1973 fronte

225 1989 334 2029 prima
346 1989 452 2020 calcei
466 1989 605 2020 infixum
620 1999 629 2028 3
648 1989 739 2020 unde
753 1990 930 2022 uncinatos

225 2037 299 2068 sive
327 2037 496 2078 repandos
527 2039 663 2070 calceos
694 2048 771 2070 curn
805 2040 931 2072 lunatis

224 2086 458 2128 confundnnt;
476 2089 525 2120 ita
543 2088 594 2120 Cl.
616 2088 800 2121 Salmasius
817 2090 850 2121 in
871 2100 929 2122 no-

225 2137 270 2169 tis
296 2138 339 2169 ad
361 2137 513 2169 dedicat.
545 2138 676 2170 Statuae
701 2139 859 2180 Reginae,
893 2144 929 2172 et

224 2186 441 2219 Boxbornius
462 2186 505 2218 ad
522 2188 654 2221 Quaest.
669 2188 766 2219 Rom.
780 2198 863 2229 quos
878 2199 928 2221 sa·

225 2237 269 2270 tis
290 2237 416 2270 refellit
439 2237 680 2274 Philostratus,
703 2238 783 2270 dum
799 2239 860 2280 ait,
875 2239 926 2271 lu-

224 2289 322 2320 nulas
339 2288 400 2319 has
419 2297 486 2319 non
502 2288 535 2320 in
557 2292 654 2330 parte
669 2289 842 2320 anteriore
857 2291 928 2321 cal-

225 2339 290 2374 cei,
311 2338 372 2370 sed
385 2337 478 2370 circa
494 2339 579 2370 talos
591 2342 628 2371 et
638 2339 814 2371 malleolos
831 2338 927 2380 pedis

224 2388 327 2421 fuisse
350 2389 538 2430 appositos.
555 2387 617 2420 lib.
631 2397 673 2420 ιι.
697 2388 741 2421 de
761 2389 850 2420 Vitis
865 2389 926 2420 So-

225 2438 366 2480 phistar.
389 2438 424 2470 in
453 2437 593 2470 Herode
616 2437 735 2471 Attico
758 2439 816 2470 ubi
833 2438 926 2470 vide-

225 2499 300 2521 mus
318 2490 467 2521 lunulam
487 2488 719 2521 Patriciorum
738 2488 842 2521 fnisse
860 2490 926 2521 ἐπι-

227 2539 356 2581 σφύρων
367 2538 573 2581 ἐλεφάντινον
578 2538 746 2580 μηνοειδές.
758 2539 859 2573 Unde
871 2550 924 2571 ar-

229 2590 336 2621 bitror
366 2591 580 2632 antiquorum
612 2591 765 2623 Heroum
795 2600 924 2631 ocreas,

227 2649 304 2682 qnae
331 2645 428 2672 erant
454 2641 546 2673 ἑανοῦ
568 2640 789 2682 κασσυτήροιο,
812 2640 846 2672 id
862 2645 926 2681 est,

227 2699 268 2722 ex
281 2690 411 2722 candido
423 2695 549 2732 stanno,
563 2692 654 2724 circa
671 2691 755 2724 talos
772 2694 831 2723 aut
847 2691 928 2723 mal-

825 191 1104 224 Ari’msmx.

990 289 1097 320 leutos
1111 287 1235 330 pedum
1251 285 1458 320 ornamenta*
1465 287 1620 330 quddam
1635 289 1691 321 lia·

990 335 1102 371 baisse
1116 347 1158 369 ex
1175 342 1320 378 argento
1344 337 1397 368 vel
1413 336 1512 374 anro',
1525 346 1602 379 qu.
1618 339 1692 372 sso-

990 398 1102 421 merus
1116 387 1284 430 ἑπισφύρια
1300 392 1412 424 vocat,
1429 388 1508 430 qaia
1520 385 1693 422 u'dledos

990 440 1115 481 pedum
1133 446 1272 481 tegunt:
1300 445 1405 482 atque
1429 440 1480 472 itu
1501 440 1696 473 etiamr·-

991 490 1110 522 tricios
1127 491 1355 522 Romanorum
1375 490 1509 533 ealeeos
1524 490 1645 521 euclem
1658 488 1694 522 in

988 542 1064 573 loco
1080 547 1283 573 ornamenta
1310 541 1462 573 eburnea
1484 539 1533 572 ad¹
1551 539 1693 572 form-tn
1714 565 1719 570 .

987 591 1110 623 mediae
1127 592 1215 623 luuae
1231 591 1404 630 habuisse,
1433 591 1524 632 quod
1544 598 1565 622 a
1578 590 1695 622 Pinno-

987 646 1097 674 strato
1121 641 1302 682 ἐπισφύρων
1315 640 1521 682 ἐλεφάντινον
1538 639 1695 681 μηνυηῦὲε

989 697 1142 724 vocatur.
1170 693 1340 725 Rubenius.

1203 794 1230 817 1.
1250 761 1343 817 Α8η.
1358 788 1390 817 6.
1405 787 1460 818 25.

1037 842 1089 874 De
1105 840 1240 873 Tribuni
1254 841 1442 883 laticlavi-⁶⁸]
1476 841 1619 881 Tribuni
1633 841 1694 874 alii

989 900 1033 924 ex
1049 892 1202 935 eque'stri
1218 893 1350 930 ordine,
1377 892 1436 925 alii
1453 901 1497 924 ex
1511 892 1612 933 plebe
1632 893 1694 924 mi-

980 943 1085 974 iitum
1100 942 1326 984 tegebantur-2
1339 942 1435 975 atilli
1447 943 1503 985 qui
1514 951 1558 974 ex
1572 950 1692 984 eques·

990 994 1032 1025 tri
1049 997 1109 1024 anit
1125 994 1302 1025 senatorio
1323 1001 1454 1034 genere
1477 998 1589 1030 erant.
1617 993 1693 1024 inti-

988 1043 1090 1075 clavii
1100 1040 1210 1082 dicti'3
1237 1042 1364 1084 plebeii
1379 1051 1462 1074 vero
1475 1042 1618 1074 Tribuni
1633 1051 1694 1074 au-

989 1092 1193 1132 gusticiavii.
1246 1092 1390 1134 Equites
1419 1097 1534 1124 antem
1560 1093 1620 1134 qni
1650 1093 1693 1124 ad

989 1142 1206 1174 Senatorium
1222 1142 1379 1173 ordinem
1393 1145 1453 1173 aut
1468 1150 1531 1182 per
1546 1141 1694 1174 urb-nos

989 1192 1134 1224 bonores
1146 1197 1204 1224 ant
1215 1201 1277 1233 per
1289 1192 1445 1224 militiam
1461 1190 1695 1232 adspirabant,

988 1242 1089 1275 facile
1113 1244 1221 1275 latum
1242 1243 1376 1274 clavum
1399 1242 1693 1284 adipiscebantur.

986 1292 1091 1324 etiam
1108 1297 1190 1324 ante
1205 1293 1351 1324 bonores
1367 1296 1497 1333 gestos.
1542 1291 1601 1324 Ita
1615 1292 1693 1324 Me·

987 1342 1053 1374 tius
1060 1343 1175 1379 Celer,
1184 1342 1346 1383 Equestri
1355 1351 1482 1382 genere
1495 1346 1606 1378 natus,
1621 1342 1692 1382 pri-

986 1392 1050 1423 mis
1065 1391 1245 1432 stipendiis
1262 1392 1335 1433 jam
1352 1392 1456 1423 lutum
1472 1391 1605 1423 clavum
1616 1399 1692 1432 ges-

987 1442 1095 1474 tabat.
1129 1442 1276 1483 Statius,
1300 1445 1310 1459 ‘
1323 1451 1408 1482 puer
1428 1441 1484 1473 liic
1503 1441 1641 1473 sudavit
1655 1441 1689 1473 in

986 1492 1088 1524 armis
1121 1492 1232 1524 Notus
1255 1491 1367 1524 adbuc
1392 1494 1526 1524 tantum
1552 1492 1689 1533 majoris

987 1548 1127 1573 munere
1144 1540 1257 1573 clavi.’
1300 1541 1355 1572 Ita
1372 1546 1408 1573 et
1422 1541 1572 1573 Severus
1588 1543 1689 1582 longo

988 1590 1144 1632 tempore
1165 1594 1348 1632 antequam
1365 1591 1576 1624 tribunatum
1592 1602 1689 1633 gere-

986 1647 1041 1672 ret
1071 1642 1178 1674 latum
1201 1641 1335 1673 clavum
1366 1642 1566 1685 impetravit
1591 1653 1612 1675 a
1641 1644 1687 1675 D.

987 1692 1122 1731 Marco,
1138 1696 1175 1723 ut
1196 1692 1401 1732 Spartianus
1426 1693 1471 1724 de
1496 1702 1538 1723 eo
1557 1692 1687 1724 refert:

987 1742 1055 1773 imo
1070 1742 1217 1783 equites,
1231 1742 1365 1774 etiamsi
1380 1747 1483 1774 antea
1501 1743 1608 1774 latum
1623 1743 1691 1774 cla·

987 1801 1065 1823 vum
1080 1791 1229 1823 nondum
1241 1792 1472 1831 obtinuerant,
1482 1802 1560 1824 cnm
1573 1797 1688 1824 tamen

987 1842 1031 1872 ad
1057 1842 1282 1873 Tribunatum
1319 1841 1581 1882 perveniebant,
1608 1850 1687 1874 eum

986 1891 1283 1932 adipiscebantur:
1309 1892 1386 1924 hinc
1405 1893 1538 1924 Seneca
1553 1893 1614 1932 ait,
1627 1902 1687 1924 eos

984 1941 1222 1972 ‘Senatorium
1246 1951 1310 1982 per
1334 1943 1491 1973 militiam
1517 1942 1688 1983 aruspicari

986 1990 1148 2031 gradum.’

1029 2040 1078 2072 Ut
1096 2039 1201 2080 igitur
1224 2041 1260 2072 in
1282 2040 1366 2071 urbe
1393 2039 1417 2070 ii
1442 2040 1685 2083 laticlavii‚qni

982 2089 1164 2121 Senatorio
1192 2091 1245 2121 vel
1272 2090 1434 2131 Equestri
1462 2100 1590 2131 genere
1617 2093 1685 2124 orti

980 2139 1031 2171 ἐπὶ
1041 2142 1083 2181 τῇ
1097 2141 1154 2177 τῆς
1173 2141 1293 2177 βουλῆς
1309 2139 1412 2171 ἐλπίδι
1425 2141 1531 2172 latum
1547 2142 1682 2175 clavum

980 2195 1119 2231 portant
1132 2200 1143 2229 3
1157 2190 1207 2221 ita
1218 2194 1254 2222 et
1264 2190 1405 2222 Tribuni
1417 2190 1575 2223 laticlavii
1590 2196 1682 2233 sunt,

978 2250 1045 2272 non
1062 2241 1172 2272 solum
1189 2240 1246 2283 qui
1270 2247 1314 2272 ex
1338 2244 1460 2272 senatu
1482 2241 1564 2273 lecti
1579 2248 1680 2283 επις

979 2290 1040 2323 sed
1069 2290 1128 2333 qui
1155 2301 1199 2323 ex
1224 2288 1388 2333 Equestri
1417 2291 1474 2323 vel
1499 2292 1683 2324 senatoria

981 2341 1091 2382 stirpe
1107 2341 1150 2373 ad
1164 2341 1372 2374 Tribunatus
1383 2341 1586 2384 dignitatem
1602 2350 1680 2385 per-

981 2396 1163 2432 venerunt,
1177 2402 1219 2424 ea
1236 2401 1309 2433 spe,
1330 2396 1369 2424 ut
1383 2399 1445 2434 per
1457 2390 1682 2426 Tribunatum

980 2441 1014 2473 in
1048 2442 1212 2474 Senatum
1249 2442 1495 2483 ingrediantur.
1544 2443 1681 2477 Etenim

981 2496 1049 2524 tam
1080 2492 1244 2535 expedita
1266 2498 1343 2525 erat
1361 2493 1415 2525 via
1438 2502 1500 2535 per
1513 2492 1682 2528 Tribuna-

981 2546 1051 2573 tum
1082 2542 1125 2574 ad
1157 2541 1371 2575 Senatorium
1400 2542 1616 2586 dignitatem,
1639 2549 1680 2578 ut

980 2594 1083 2625 etiam
1109 2594 1240 2630 Senatu
1262 2594 1346 2626 moti
1365 2595 1678 2636 regrederentnrln

980 2643 1115 2674 Curiam
1132 2653 1195 2684 per
1209 2654 1298 2676 eum.
1343 2643 1467 2676 Horat.
1495 2653 1521 2676 1.
1537 2645 1621 2681 Sat.
1642 2647 1676 2677 G.

980 2695 989 2712 ‘
1006 2693 1083 2726 Quo
1110 2694 1172 2725 tibi
1197 2694 1288 2726 Tulli
1316 2694 1458 2727 Sumere
1483 2694 1674 2738 depositum
