1858 3184
575 260 638 291 nn
678 261 722 299 Q.
760 257 983 290 nonum
1019 257 1224 289 rnAcco.
1511 242 1625 288 1⁰33

180 359 330 400 bullum
361 371 398 412 p.
433 360 499 399 92.
531 371 591 410 sq.
647 357 707 397 De
727 356 857 396 Caesio
876 356 1002 394 Basso
1022 336 1264 392 Scholiasta
1297 351 1422 392 Persii
1454 352 1505 390 ad
1534 353 1623 393 Sat.

185 437 245 463 vr.
270 425 305 463 l.

803 527 1003 566 Poemala.

234 645 388 698 Scripta
405 643 556 684 Horatii
581 644 634 682 ita
660 618 837 682 recenset
864 640 1048 680 Sidonius
1069 640 1307 693 Apollinaris
1338 629 1522 680 Carmine
1554 654 1622 681 rx.

180 723 237 749 vs.
258 711 355 748 218.

389 794 478 832 Non
497 791 604 845 quod
618 805 686 845 per
704 791 844 831 satiras
865 791 1144 843 Epistolarum,

387 858 694 908 Sermonumque
713 855 831 902 sales,
850 868 1070 906 novumque
1091 854 1273 906 Epodon,

386 921 523 959 Libros
544 919 752 966 Carminis,
771 932 818 959 ac
836 919 1037 958 Poeticam
1060 926 1198 965 artem,

386 984 524 1024 Phoebi
539 984 722 1026 laudibus
741 992 781 1023 et
799 997 913 1036 vagae
934 983 1076 1022 Dianae

389 1047 632 1099 Conscriptis
651 1048 773 1087 voluit
791 1061 931 1087 sonare
953 1047 1132 1086 Flaccus.

121 1158 131 1166 ³
179 1142 277 1182 Hinc
291 1143 470 1182 universa
491 1143 643 1182 Horatii
658 1143 776 1182 hodie
796 1149 944 1183 extant.

234 1207 457 1246 Carminium
482 1208 559 1245 sive
581 1207 754 1247 Odarum
781 1207 876 1245 libri
906 1207 974 1245 IV.
1005 1205 1056 1244 ad
1077 1208 1125 1245 C.
1147 1205 1318 1244 Cilnium
1348 1206 1623 1252 Maecenatem,

177 1268 268 1308 licet
281 1269 444 1321 primam
465 1270 593 1308 Odam
613 1269 701 1308 libri
719 1271 831 1322 primi
849 1270 926 1321 (uti
946 1282 1024 1308 non
1043 1281 1192 1321 paucos
1213 1269 1364 1321 Virgilii
1382 1271 1536 1317 versus)
1555 1281 1626 1320 pro

177 1332 310 1383 spuria
334 1332 470 1371 habuit
490 1333 628 1371 Franc.
650 1333 843 1385 Guyetus,
876 1332 1032 1380 doctus,
1065 1331 1135 1371 sed
1164 1331 1278 1370 nimis
1298 1331 1455 1370 delicati
1481 1330 1627 1370 fastidii

175 1394 437 1434 Aristarchus.
492 1396 646 1437 Librum
664 1403 848 1447 quartum
876 1409 924 1435 ex
949 1396 1071 1448 longo
1099 1395 1305 1434 intervallo
1331 1394 1478 1434 addere
1505 1395 1628 1446 jussit

175 1457 393 1510 Augustus,
412 1467 457 1498 ut
475 1459 515 1497 in
534 1459 628 1498 Vita
647 1459 801 1499 Horatii
822 1459 1033 1498 Suetonius
1051 1459 1250 1498 memoriae
1269 1457 1451 1511 prodidit.

229 1522 397 1575 Epodon
425 1522 524 1562 liber
549 1536 664 1571 unus,
697 1523 859 1575 perinde
888 1530 932 1562 ut
959 1523 1044 1562 libri
1075 1523 1321 1570 Carminum,
1354 1522 1460 1561 vario
1484 1534 1626 1572 genere

176 1599 357 1626 versuum
376 1586 563 1639 proodico
582 1594 623 1625 et
641 1587 807 1639 epodico
827 1588 1011 1639 scriptus,
1031 1587 1081 1625 de
1098 1587 1240 1637 quibus
1252 1584 1521 1624 consulendus
1534 1584 1625 1622 Aldi

175 1650 344 1689 Manutii
362 1656 550 1689 tractatus
570 1650 620 1689 de
641 1664 743 1689 xix.
771 1652 980 1702 generibus
1010 1657 1220 1688 metrorum
1241 1649 1394 1687 Horatii
1422 1650 1558 1700 [supra
1585 1659 1626 1698 p.

174 1716 240 1753 41.
263 1713 343 1765 sq.]
960 1759 963 1761 ‚

228 1776 395 1827 Epodon
424 1776 523 1814 libro
543 1776 746 1826 subjicitur
767 1777 930 1814 Carmen
952 1774 1163 1821 Saeculare,
1200 1773 1307 1825 quod
1334 1773 1499 1811 Horatio
1518 1785 1604 1811 com

176 1837 402 1889 ponendum
429 1837 596 1888 injunxit
614 1838 815 1889 Augustus
845 1851 949 1876 anno
979 1838 1028 1876 U.
1050 1837 1097 1877 C.
1118 1840 1141 1875 ¹7
1147 1838 1213 1876 36.
1235 1837 1364 1876 aetatis
1387 1836 1538 1874 Horatii
1557 1838 1623 1875 40.

177 1900 358 1939 Meminit
384 1906 519 1939 auctor
546 1900 648 1947 vitae,
680 1908 720 1940 et
747 1901 932 1939 Sidonius
961 1901 1088 1939 innuit
1111 1913 1181 1953 per
1209 1905 1220 1923 ‘
1242 1899 1381 1938 Phoebi
1412 1899 1552 1938 laudes
1584 1906 1624 1937 et

175 1975 287 2015 vagae
299 1963 440 2001 Dianae
452 1962 750 2015 Conscriptas.'.
789 1965 904 2010 Sunt,
924 1963 1066 2015 quibus
1079 1975 1237 2002 carmen
1258 1962 1450 2014 saeculare
1470 1962 1623 2001 videtur

174 2023 290 2067 etiam
310 2026 377 2065 lib.
398 2039 432 2065 1.
449 2025 540 2066 Oda
555 2029 621 2065 21.
642 2034 681 2066 et
699 2027 768 2067 lib.
792 2040 856 2067 xv.
877 2027 968 2066 Oda
987 2028 1025 2067 6.
1081 2026 1184 2066 Vide
1203 2026 1311 2066 Petri
1330 2025 1470 2065 Taffini
1499 2025 1568 2064 lib.
1591 2039 1623 2064 1.

174 2090 225 2130 de
237 2090 341 2130 ludis
361 2089 615 2130 soecularibus
630 2103 718 2144 cap.
749 2092 812 2131 16.
832 2098 872 2131 et
894 2092 956 2130 17.
988 2091 1026 2130 in
1046 2092 1170 2130 Tomo
1193 2103 1297 2130 v111.
1316 2090 1508 2130 Thesauri
1527 2090 1623 2129 Ant.

175 2154 457 2194 Romanarum.

228 2217 449 2257 Sermonum
462 2217 555 2257 libre·
570 2219 637 2257 IV.
657 2218 708 2258 ad
721 2219 888 2259 eundem
904 2220 1180 2265 Maecenatem,
1200 2218 1312 2270 epico
1332 2218 1506 2257 carmine
1526 2231 1621 2256 con-

175 2281 330 2334 scripti;
363 2295 527 2332 quorum
562 2281 642 2320 duo
678 2284 824 2334 priores
855 2284 1168 2336 complectuntur
1203 2282 1378 2320 Satiras¹
1412 2283 1461 2319 ab
1501 2285 1619 2331 argu-

175 2351 320 2392 mento,
352 2345 584 2396 posteriores
604 2345 683 2385 duo
703 2347 753 2384 ad
773 2347 994 2387 docendum
1010 2354 1049 2388 et
1067 2346 1342 2385 instruendum
1362 2346 1471 2390 sacti,
1502 2345 1623 2394 Epis-

178 2407 345 2446 tolarum
361 2408 481 2459 vulgo
501 2407 663 2447 veniunt
681 2410 851 2458 nomine,
883 2424 1049 2463 quorum
1077 2412 1117 2448 in
1141 2409 1264 2448 altero
1285 2409 1466 2447 Ethicum
1494 2406 1624 2459 philo-

178 2469 357 2520 sophum,
388 2470 428 2507 in
462 2470 584 2509 altero
618 2471 803 2511 criticum
834 2476 1047 2526 profitetur.
1105 2472 1214 2511 Alter
1246 2478 1405 2510 constat
1433 2469 1620 2522 Epistolis

177 2530 329 2583 viginti,
347 2531 445 2570 alter
461 2545 552 2571 vero
572 2534 707 2581 tribus,
727 2549 807 2575 una
826 2538 876 2577 ad
898 2540 1122 2590 Augustum
1137 2541 1152 2559 ²
1182 2536 1231 2573 de
1255 2535 1404 2582 Poetis,
1424 2533 1620 2587 praecipue

221 2659 238 2688 1
262 2656 441 2688 Nonnullae
467 2658 581 2690 Satiras
618 2666 690 2692 ante
721 2661 867 2696 Carmina
963 2667 984 2695 2
1006 2663 1179 2694 Sueton.in
1195 2662 1315 2694 Horatii
1326 2662 1421 2695 Vita:
1439 2667 1449 2681 ¹
1463 2661 1540 2693 Post
1549 2660 1620 2692 Ser-

176 2698 320 2749 qugedm
329 2699 363 2730 in
374 2699 508 2750 ‘Epndon
523 2701 600 2733 libro
611 2703 740 2744 scriptas
749 2706 788 2736 ab
798 2707 865 2737 Ho-
921 2716 1030 2736 mones
1044 2715 1116 2736 vero
1129 2705 1228 2736 lectos
1248 2706 1410 2747 quosdam,
1432 2704 1550 2736 nullam
1571 2703 1621 2734 sui

175 2747 338 2774 moene
351 2741 489 2785 disputat
509 2743 592 2776 Sam.
614 2745 734 2779 Petitus
749 2747 864 2781 obser·
920 2748 1112 2779 mentionem
1133 2748 1249 2779 factam
1271 2748 1315 2779 ita
1336 2754 1386 2779 est
1398 2752 1528 2791 questus
1550 2745 1618 2776 Au-

174 2789 254 2816 ntt.
268 2795 292 2816 ι.
302 2787 335 2817 9.
920 2795 1028 2830 gustus
1043 2801 1049 2820 :
1065 2796 1075 2810 ‘
1087 2791 1208 2823 Iratum
1219 2802 1267 2823 me
1282 2790 1342 2823 tibi
1351 2792 1440 2829 scito,
1455 2789 1540 2832 quod
1555 2798 1621 2819 non
