1858 3184
591 275 637 312 Q.
667 271 877 304 noun-u
907 271 1101 302 nacci.
1460 256 1575 300 m

132 388 202 427 per
220 374 380 412 Guiliel.
408 373 564 411 Baxter.
579 373 678 411 Acc-
696 382 812 409 πονο
834 374 956 412 uoto,
975 365 1179 405 animadv.
1213 364 1515 416 quamplurium
1534 367 1575 403 iu

134 437 352 476 Bentleium
370 444 413 475 et
429 434 746 487 Cnningamium,
762 434 838 470 &c.
858 431 959 482 Imp.
978 429 1044 468 Jo.
1062 426 1216 479 Bauey.
1237 427 1406 466 Londin.
1426 429 1465 465 8.

194 501 298 538 1726
326 499 493 538 Minellii
513 511 580 537 11.
599 495 768 536 Londin.
788 497 829 533 8.

194 565 296 602 1⁷27
325 563 546 602 Daceriana
559 574 624 600 rv.
642 573 727 612 rep.
746 572 819 598 ιιι.
838 555 1005 596 Amtel.
1023 567 1089 608 ap.
1103 554 1316 594 Wetstein.
1334 556 1398 594 12.
1419 567 1466 594 x.
1479 554 1575 593 voll.

190 649 246 656 —-
271 627 319 665 In
335 640 451 665 usum
469 624 657 677 Delphini
675 634 743 663 rx.
770 634 840 674 per
854 619 1006 660 Ludov.
1033 619 1223 670 Desprez.
1252 619 1397 658 venet.
1418 631 1486 671 ap.
1509 618 1575 658 Jo.

139 689 423 729 Malachiam.
440 690 483 727 4.

190 774 248 783 —-
271 752 377 804 Opp.
397 750 484 789 Lat.
500 756 542 788 et
559 748 668 788 Gall.
687 761 756 800 per
774 746 998 786 Daoerium.
1016 747 1147 784 Amst.
1172 747 1222 784 10
1238 752 1333 784 tom.
1354 747 1395 784 8.

195 816 301 856 1⁷28
324 813 493 852 Bentleii
511 825 575 851 xv·
608 825 657 851 ex
686 811 915 850 recensione
932 819 975 849 et
999 823 1090 848 cum
1109 809 1214 848 notis
1245 818 1365 860 atque
1391 807 1578 847 emendu-

137 877 308 917 tionibus
326 876 442 916 Rich.
460 875 644 915 Bentleii.
678 875 755 914 Ed.
773 887 851 913 111.
882 887 975 914 cum
1015 873 1148 912 indice
1179 872 1490 924 locupletissimo
1522 871 1578 909 1⁸.

135 939 343 992 vaburgi.
359 941 488 979 Amat.
506 941 548 978 4.

186 1026 246 1033 ——
267 1003 450 1051 Juvencii,
467 1002 620 1042 auctior
635 1009 678 1040 et
695 1001 953 1040 emendatior.
973 1001 1100 1040 Paris.
1121 1002 1161 1040 8.

188 1089 244 1096 —
274 1067 439 1106 ffinellii
459 1079 548 1105 111.
572 1066 741 1103 Amstel.
765 1066 830 1103 12.

192 1153 245 1159 —-
271 1128 767 1168 Sanadoni1.—Carmina
798 1127 851 1165 ad
881 1140 996 1166 suum
1022 1126 1199 1164 ordinem
1217 1133 1258 1164 et
1286 1126 1451 1164 nitorem
1470 1139 1583 1164 revo-

141 1200 233 1232 cata
250 1191 382 1230 studio
408 1198 451 1230 et
466 1203 587 1242 opera
602 1191 658 1228 N.
672 1191 715 1229 S.
734 1189 936 1227 Sanadoni
952 1202 974 1226 e
994 1189 1038 1226 S.
1056 1188 1097 1226 J.
1117 1189 1192 1226 Les
1210 1187 1366 1239 poesia
1384 1188 1584 1226 d’Horace

142 1253 345 1308 disposbes
359 1253 517 1292 suivant
533 1253 675 1292 l'ordre
693 1252 924 1303 chronolog.
942 1258 985 1290 et
1000 1251 1191 1290 truduites
1210 1264 1261 1290 en
1281 1251 1470 1302 quois
1487 1264 1586 1291 aree

142 1318 216 1357 des
249 1329 474 1368 marques
496 1317 683 1367 critiques
715 1329 788 1367 par
815 1316 855 1354 le
873 1315 921 1354 P.
939 1314 1142 1353 Samdon.
1195 1314 1436 1353 Traduetion
1465 1314 1585 1352 d’une

141 1380 334 1421 ancienne
349 1380 497 1431 bymne
515 1393 583 1418 sur
609 1379 669 1417 les
687 1379 789 1417 fetes
806 1379 859 1416 de
875 1377 1028 1424 Venus,
1061 1391 1158 1417 avec
1175 1377 1249 1417 des
1266 1389 1493 1428 marques
1508 1378 1586 1415 cri·

141 1444 270 1495 tiques
289 1456 357 1481 sur
372 1442 415 1480 la
432 1443 559 1480 meme
576 1441 699 1493 piece.
719 1441 847 1479 Paris.
867 1443 892 1478 2
911 1447 1007 1479 tom.
1021 1443 1062 1479 4.

194 1529 251 1536 —
275 1505 439 1552 Eadem,
456 1504 552 1544 ibid.
591 1504 764 1543 8.-Ed.
800 1505 1000 1557 princeps.
1053 1503 1291 1542 Sanadonus
1331 1503 1507 1555 quidem,
1539 1511 1587 1543 ut

141 1570 269 1609 verbis
285 1570 337 1609 cl.
354 1569 448 1607 Jani
465 1575 635 1615 utamur,
662 1573 674 1590 ‘
686 1569 725 1606 in
744 1575 854 1606 textu
874 1568 1027 1606 Horatii
1044 1567 1326 1605 constituendo
1359 1580 1450 1606 cum
1471 1567 1586 1606 Lam·

139 1633 291 1678 binum,
307 1632 539 1682 Cruquium,
556 1631 817 1675 Torrenfium,
835 1624 1029 1681 aliosque,
1047 1631 1116 1681 qui
1134 1630 1266 1668 Codd.
1285 1630 1389 1669 Mss.
1404 1631 1467 1668 usi
1479 1636 1586 1676 sunt,

141 1695 355 1740 consuluit,
372 1701 457 1732 tum
474 1693 617 1732 multas
637 1694 806 1732 Bentleii
825 1693 1009 1732 emendd.
1040 1693 1115 1730 sibi
1144 1693 1384 1735 vindicavit:
1414 1693 1486 1731 sed
1505 1705 1590 1730 om-

144 1758 253 1796 nium
270 1757 439 1795 maxime
456 1756 761 1806 Cuningamium
790 1756 1045 1801 secutusest,
1064 1756 1183 1792 etiam
1199 1755 1267 1792 ubi
1285 1755 1320 1792 is
1338 1755 1445 1792 ultra
1461 1755 1588 1793 lineas

143 1820 351 1872 processit.
364 1819 551 1856 Attamen
568 1826 610 1855 et
623 1818 759 1875 inultm
777 1817 965 1856 emendd.
986 1817 1062 1868 ipsi
1081 1818 1249 1868 proprioe
1267 1818 1391 1856 sunt.'
1445 1818 1591 1857 Omisit

146 1894 241 1920 vero
275 1880 466 1918 nonnulla
493 1880 681 1926 carmina,
714 1887 753 1919 et
771 1880 968 1919 interdum
1000 1880 1197 1931 quosdam
1232 1893 1369 1919 versus
1405 1883 1588 1929 resecuit,

146 1942 321 1984 castitati
336 1943 603 1982 consulturus.
658 1943 933 1995 Interpretatio
950 1942 1291 1981 Gallieuomnium
1310 1950 1374 1982 est
1389 1944 1589 1996 princeps.

148 2006 198 2048 1-
214 2005 318 2046 notis
348 2018 430 2044 non
448 2005 575 2043 solum
591 2005 683 2044 lom
710 2006 937 2044 obscuriora
965 2006 1127 2058 egregia
1159 2006 1341 2044 doctrina
1368 2006 1591 2055 illustravit,

147 2069 221 2109 sed
235 2075 279 2108 et
293 2069 499 2107 artificium
530 2068 773 2120 virtutesque
791 2069 968 2120 poeticas
995 2069 1077 2107 alto
1100 2069 1256 2120 judicio
1285 2077 1326 2108 et
1357 2083 1478 2108 sensu
1509 2072 1589 2111 ele-

147 2132 294 2184 gantia
309 2132 547 2184 explicavit3
575 2133 750 2171 carmina
761 2139 893 2172 tamen
913 2132 966 2171 ad
978 2145 1105 2171 annos
1123 2145 1220 2172 suos
1237 2133 1461 2172 revocando
1481 2147 1589 2186 saepe

145 2195 279 2235 forsan
297 2196 503 2243 aberravit,
532 2195 711 2234 ordinem
730 2203 837 2234 certe
863 2197 1068 2247 vulg-atum
1099 2197 1308 2248 pervertit:
1336 2197 1453 2236 nimis
1471 2200 1590 2238 etiam

147 2259 339 2299 subtiliter
354 2259 547 2298 interdum
564 2267 606 2298 et
622 2259 791 2298 delicate
804 2267 1032 2299 venustates
1044 2260 1199 2299 Horatii
1212 2268 1385 2299 resecat:
1404 2262 1589 2312 denique,

148 2334 220 2375 pro
236 2323 382 2374 ingenii
402 2324 463 2361 sui
480 2323 648 2368 luxuria,
668 2324 783 2361 nimis
802 2323 1002 2375 allegoriae
1021 2323 1196 2370 deditus,
1214 2323 1331 2361 etiam
1351 2337 1413 2370 ea,
1431 2338 1521 2374 quae
1540 2337 1591 2363 ex

151 2384 293 2425 Graeco
310 2387 491 2437 exemplo
508 2386 630 2424 ducta
648 2393 755 2433 sunt,
773 2387 827 2424 ad
842 2401 923 2426 rem
940 2387 1175 2432 Romanam,
1197 2387 1371 2437 Augusti
1390 2387 1590 2435 familiam,

151 2452 196 2486 et
226 2455 405 2500 tempora
437 2449 570 2486 refert.
623 2449 686 2486 De
709 2449 772 2487 his
809 2449 902 2490 edd.
933 2450 1111 2502 pluribus
1159 2449 1342 2501 exposuit
1373 2450 1470 2488 clar.
1515 2450 1589 2490 Th.

155 2508 301 2548 Christ.
322 2510 464 2548 Harles
495 2511 536 2548 in
554 2511 637 2549 vita
654 2512 749 2551 Nat.
768 2513 906 2565 Steph.
926 2513 1144 2559 Sanadoni,
1176 2514 1217 2550 in
1237 2512 1327 2551 vitis
1348 2511 1493 2553 Philol.
1511 2514 1590 2554 vol.

158 2583 235 2609 111.
251 2584 293 2622 p.
312 2572 384 2610 63:
395 2585 455 2622 sq.

207 2655 263 2664 —-
288 2633 463 2686 Expurg.
482 2648 573 2673 eum
586 2638 691 2676 notis
709 2639 832 2680 nich.
854 2639 1070 2679 Brochard.
1092 2638 1219 2678 Paris.
1242 2640 1307 2677 12.

212 2697 315 2734 1729
343 2697 396 2742 Q.
416 2697 603 2741 Horatius
619 2701 783 2742 Flaccus
799 2703 1056 2756 compedibus
1075 2701 1323 2742 metricorum
1341 2716 1589 2747 numerorum

155 2759 324 2861 affusus.
343 2761 519 2861 ἓάιιιιιιιι
537 2762 622 2804 Lib.
644 2777 706 2803 iv.
726 2773 767 2805 et
787 2767 915 2819 Epod.
932 2766 1014 2805 Lib.
1025 2779 1147 2817 opera
1162 2774 1205 2806 et
1222 2766 1355 2808 studio
1369 2769 1424 2810 N.
1440 2770 1588 2822 Bassey.

216 2836 241 2861 n
271 2837 326 2862 ιιι.
375 2852 386 2862 .
