<?xml version="1.0" encoding="UTF-8"?>
<!DOCTYPE html PUBLIC "-//W3C//DTD XHTML 1.0 Transitional//EN"
    "http://www.w3.org/TR/xhtml1/DTD/xhtml1-transitional.dtd">
<html xmlns="http://www.w3.org/1999/xhtml" xml:lang="en" lang="en">
 <head>
  <title>
</title>
<meta http-equiv="Content-Type" content="text/html;charset=utf-8" />
  <meta name='ocr-system' content='tesseract 3.04.00' />
  <meta name='ocr-capabilities' content='ocr_page ocr_carea ocr_par ocr_line ocrx_word'/>
</head>
<body>
  <div class='ocr_page' id='page_1' title='image "./operaomnia04horauoft/operaomnia04horauoft_0275.png"; bbox 0 0 1858 3184; ppageno 0'>
   <div class='ocr_carea' id='block_1_1' title="bbox 310 267 1583 318">
    <p class='ocr_par' dir='ltr' id='par_1_1' title="bbox 310 267 1583 318">
     <span class='ocr_line' id='line_1_1' title="bbox 310 267 1583 318; baseline -0.009 0"><span class='ocrx_word' id='word_1_1' title='bbox 310 284 516 318; x_wconf 74' lang='lat' dir='ltr'><strong>comeus</strong></span> <span class='ocrx_word' id='word_1_2' title='bbox 549 284 601 314; x_wconf 76' lang='lat' dir='ltr'><strong>m</strong></span> <span class='ocrx_word' id='word_1_3' title='bbox 636 282 888 313; x_wconf 71' lang='lat' dir='ltr'><strong>mnmo‘ru.</strong></span> <span class='ocrx_word' id='word_1_4' title='bbox 920 278 1085 311; x_wconf 75' lang='lat' dir='ltr'><strong>mur&#39;r.</strong></span> <span class='ocrx_word' id='word_1_5' title='bbox 1120 277 1409 310; x_wconf 65' lang='lat' dir='ltr'><strong>Assuavxrt.</strong></span> <span class='ocrx_word' id='word_1_6' title='bbox 1468 267 1583 308; x_wconf 71' lang='lat'><strong>2025</strong></span> 
     </span>
    </p>
   </div>
   <div class='ocr_carea' id='block_1_2' title="bbox 130 375 1582 441">
    <p class='ocr_par' dir='ltr' id='par_1_2' title="bbox 130 375 1582 441">
     <span class='ocr_line' id='line_1_2' title="bbox 130 375 1582 441; baseline -0.01 -9"><span class='ocrx_word' id='word_1_7' title='bbox 130 388 268 431; x_wconf 77' lang='lat' dir='ltr'><strong>variis</strong></span> <span class='ocrx_word' id='word_1_8' title='bbox 287 387 423 441; x_wconf 92' lang='lat' dir='ltr'><strong>gloss.</strong></span> <span class='ocrx_word' id='word_1_9' title='bbox 450 388 494 428; x_wconf 85' lang='lat' dir='ltr'><strong>et</strong></span> <span class='ocrx_word' id='word_1_10' title='bbox 523 382 644 425; x_wconf 91' lang='lat' dir='ltr'><strong>notis</strong></span> <span class='ocrx_word' id='word_1_11' title='bbox 669 379 996 434; x_wconf 76' lang='lat' dir='ltr'><strong>marginalibus.</strong></span> <span class='ocrx_word' id='word_1_12' title='bbox 1047 376 1171 419; x_wconf 78' lang='lat' dir='ltr'><strong>Cod.</strong></span> <span class='ocrx_word' id='word_1_13' title='bbox 1196 375 1446 418; x_wconf 85' lang='lat' dir='ltr'><strong>Membran.</strong></span> <span class='ocrx_word' id='word_1_14' title='bbox 1477 388 1582 417; x_wconf 84' lang='lat' dir='ltr'><strong>saec.</strong></span> 
     </span>
    </p>
   </div>
   <div class='ocr_carea' id='block_1_3' title="bbox 136 466 1585 564">
    <p class='ocr_par' dir='ltr' id='par_1_3' title="bbox 136 466 1585 564">
     <span class='ocr_line' id='line_1_3' title="bbox 136 466 1585 564; baseline -0.01 1"><span class='ocrx_word' id='word_1_15' title='bbox 136 466 263 564; x_wconf 55' lang='lat' dir='ltr'><strong>Xlgfi.</strong></span> <span class='ocrx_word' id='word_1_16' title='bbox 291 521 539 563; x_wconf 88' lang='lat' dir='ltr'><strong>Comment.</strong></span> <span class='ocrx_word' id='word_1_17' title='bbox 572 517 616 558; x_wconf 91' lang='lat' dir='ltr'><strong>in</strong></span> <span class='ocrx_word' id='word_1_18' title='bbox 650 514 813 556; x_wconf 88' lang='lat' dir='ltr'><strong>Libros</strong></span> <span class='ocrx_word' id='word_1_19' title='bbox 851 513 1051 556; x_wconf 85' lang='lat' dir='ltr'><strong>Odarum</strong></span> <span class='ocrx_word' id='word_1_20' title='bbox 1083 510 1278 555; x_wconf 84' lang='lat' dir='ltr'><strong>Horatii.</strong></span> <span class='ocrx_word' id='word_1_21' title='bbox 1310 509 1421 553; x_wconf 56' lang='lat' dir='ltr'><strong>Codx</strong></span> <span class='ocrx_word' id='word_1_22' title='bbox 1447 509 1585 561; x_wconf 40' lang='lat' dir='ltr'><strong>Char?</strong></span> 
     </span>
    </p>
   </div>
   <div class='ocr_carea' id='block_1_4' title="bbox 133 589 1589 1040">
    <p class='ocr_par' dir='ltr' id='par_1_4' title="bbox 135 589 618 631">
     <span class='ocr_line' id='line_1_4' title="bbox 135 589 618 631; baseline -0.017 1"><span class='ocrx_word' id='word_1_23' title='bbox 135 595 225 631; x_wconf 88' lang='lat' dir='ltr'><strong>tac.</strong></span> <span class='ocrx_word' id='word_1_24' title='bbox 243 589 383 631; x_wconf 89' lang='lat' dir='ltr'><strong>illum.</strong></span> <span class='ocrx_word' id='word_1_25' title='bbox 403 600 508 629; x_wconf 85' lang='lat' dir='ltr'><strong>saec.</strong></span> <span class='ocrx_word' id='word_1_26' title='bbox 532 595 618 626; x_wconf 80' lang='lat' dir='ltr'><strong>xv,</strong></span> 
     </span>
    </p>

    <p class='ocr_par' dir='ltr' id='par_1_5' title="bbox 134 645 1588 834">
     <span class='ocr_line' id='line_1_5' title="bbox 191 645 1587 698; baseline -0.009 1"><span class='ocrx_word' id='word_1_27' title='bbox 191 656 262 698; x_wconf 77' lang='lat'><strong>26.</strong></span> <span class='ocrx_word' id='word_1_28' title='bbox 293 654 474 697; x_wconf 83' lang='lat' dir='ltr'><strong>Horatii</strong></span> <span class='ocrx_word' id='word_1_29' title='bbox 496 651 693 695; x_wconf 90' lang='lat' dir='ltr'><strong>Odarum</strong></span> <span class='ocrx_word' id='word_1_30' title='bbox 714 649 862 698; x_wconf 90' lang='lat' dir='ltr'><strong>Liber,</strong></span> <span class='ocrx_word' id='word_1_31' title='bbox 883 646 982 690; x_wconf 88' lang='lat' dir='ltr'><strong>cod.</strong></span> <span class='ocrx_word' id='word_1_32' title='bbox 1002 647 1246 691; x_wconf 87' lang='lat' dir='ltr'><strong>membran.</strong></span> <span class='ocrx_word' id='word_1_33' title='bbox 1273 646 1462 688; x_wconf 86' lang='lat' dir='ltr'><strong>charact.</strong></span> <span class='ocrx_word' id='word_1_34' title='bbox 1482 645 1587 687; x_wconf 86' lang='lat' dir='ltr'><strong>Ital.</strong></span> 
     </span>
     <span class='ocr_line' id='line_1_6' title="bbox 135 713 1588 770; baseline -0.009 -3"><span class='ocrx_word' id='word_1_35' title='bbox 135 738 240 767; x_wconf 83' lang='lat' dir='ltr'><strong>saec.</strong></span> <span class='ocrx_word' id='word_1_36' title='bbox 270 733 377 765; x_wconf 73' lang='grc' dir='ltr'><strong>ΧΠ.</strong></span> <span class='ocrx_word' id='word_1_37' title='bbox 407 721 476 763; x_wconf 87' lang='lat' dir='ltr'><strong>vel</strong></span> <span class='ocrx_word' id='word_1_38' title='bbox 507 730 595 760; x_wconf 88' lang='lat' dir='ltr'><strong>xv.</strong></span> <span class='ocrx_word' id='word_1_39' title='bbox 628 717 813 759; x_wconf 89' lang='lat' dir='ltr'><strong>illumin.</strong></span> <span class='ocrx_word' id='word_1_40' title='bbox 842 715 1023 770; x_wconf 84' lang='lat' dir='ltr'><strong>pulchre</strong></span> <span class='ocrx_word' id='word_1_41' title='bbox 1055 714 1263 768; x_wconf 88' lang='lat' dir='ltr'><strong>scriptus,</strong></span> <span class='ocrx_word' id='word_1_42' title='bbox 1301 726 1400 755; x_wconf 90' lang='lat' dir='ltr'><strong>cum</strong></span> <span class='ocrx_word' id='word_1_43' title='bbox 1429 713 1588 767; x_wconf 82' lang='lat' dir='ltr'><strong>paucis</strong></span> 
     </span>
     <span class='ocr_line' id='line_1_7' title="bbox 134 792 268 834; baseline 0.007 -1"><span class='ocrx_word' id='word_1_44' title='bbox 134 792 268 834; x_wconf 77' lang='lat' dir='ltr'><strong>notis,</strong></span> 
     </span>
    </p>

    <p class='ocr_par' dir='ltr' id='par_1_6' title="bbox 133 851 1588 980">
     <span class='ocr_line' id='line_1_8' title="bbox 190 851 1588 903; baseline -0.007 -2"><span class='ocrx_word' id='word_1_45' title='bbox 190 859 262 900; x_wconf 71' lang='lat'><strong>27.</strong></span> <span class='ocrx_word' id='word_1_46' title='bbox 293 855 473 900; x_wconf 86' lang='lat' dir='ltr'><strong>Horatii</strong></span> <span class='ocrx_word' id='word_1_47' title='bbox 505 854 753 897; x_wconf 88' lang='lat' dir='ltr'><strong>Sermones.</strong></span> <span class='ocrx_word' id='word_1_48' title='bbox 784 851 883 895; x_wconf 92' lang='lat' dir='ltr'><strong>cod.</strong></span> <span class='ocrx_word' id='word_1_49' title='bbox 916 851 1055 892; x_wconf 88' lang='lat' dir='ltr'><strong>chart.</strong></span> <span class='ocrx_word' id='word_1_50' title='bbox 1080 859 1186 891; x_wconf 86' lang='lat' dir='ltr'><strong>saec.</strong></span> <span class='ocrx_word' id='word_1_51' title='bbox 1220 859 1328 891; x_wconf 77' lang='lat' dir='ltr'><strong>xlv.</strong></span> <span class='ocrx_word' id='word_1_52' title='bbox 1355 862 1454 891; x_wconf 89' lang='lat' dir='ltr'><strong>cnm</strong></span> <span class='ocrx_word' id='word_1_53' title='bbox 1475 862 1588 903; x_wconf 85' lang='lat' dir='ltr'><strong>pau-</strong></span> 
     </span>
     <span class='ocr_line' id='line_1_9' title="bbox 133 919 974 980; baseline -0.01 -12"><span class='ocrx_word' id='word_1_54' title='bbox 133 926 199 968; x_wconf 89' lang='lat' dir='ltr'><strong>cis</strong></span> <span class='ocrx_word' id='word_1_55' title='bbox 215 923 481 980; x_wconf 86' lang='lat' dir='ltr'><strong>quibusdam</strong></span> <span class='ocrx_word' id='word_1_56' title='bbox 505 921 673 964; x_wconf 89' lang='lat' dir='ltr'><strong>notatis</strong></span> <span class='ocrx_word' id='word_1_57' title='bbox 695 921 741 962; x_wconf 92' lang='lat' dir='ltr'><strong>in</strong></span> <span class='ocrx_word' id='word_1_58' title='bbox 761 919 974 973; x_wconf 79' lang='lat' dir='ltr'><strong>margine.</strong></span> 
     </span>
    </p>

    <p class='ocr_par' dir='ltr' id='par_1_7' title="bbox 187 984 1589 1040">
     <span class='ocr_line' id='line_1_10' title="bbox 187 984 1589 1040; baseline -0.007 -5"><span class='ocrx_word' id='word_1_59' title='bbox 187 993 260 1035; x_wconf 81' lang='grc'><strong>28.</strong></span> <span class='ocrx_word' id='word_1_60' title='bbox 291 991 428 1034; x_wconf 89' lang='lat' dir='ltr'><strong>Liber</strong></span> <span class='ocrx_word' id='word_1_61' title='bbox 457 991 716 1032; x_wconf 89' lang='lat' dir='ltr'><strong>Sermonum</strong></span> <span class='ocrx_word' id='word_1_62' title='bbox 751 987 949 1038; x_wconf 83' lang='lat' dir='ltr'><strong>Horatii,</strong></span> <span class='ocrx_word' id='word_1_63' title='bbox 980 987 1051 1029; x_wconf 91' lang='lat' dir='ltr'><strong>cui</strong></span> <span class='ocrx_word' id='word_1_64' title='bbox 1085 984 1332 1040; x_wconf 80' lang='lat' dir='ltr'><strong>praemissae</strong></span> <span class='ocrx_word' id='word_1_65' title='bbox 1357 984 1589 1027; x_wconf 71' lang='lat' dir='ltr'><strong>Iuvenalis</strong></span> 
     </span>
    </p>
   </div>
   <div class='ocr_carea' id='block_1_5' title="bbox 133 1053 1681 1107">
    <p class='ocr_par' dir='ltr' id='par_1_8' title="bbox 133 1053 1681 1107">
     <span class='ocr_line' id='line_1_11' title="bbox 133 1053 1681 1107; baseline -0.005 -5"><span class='ocrx_word' id='word_1_66' title='bbox 133 1064 176 1102; x_wconf 89' lang='lat' dir='ltr'><strong>et</strong></span> <span class='ocrx_word' id='word_1_67' title='bbox 196 1059 344 1101; x_wconf 88' lang='lat' dir='ltr'><strong>Persii</strong></span> <span class='ocrx_word' id='word_1_68' title='bbox 365 1059 538 1100; x_wconf 84' lang='lat' dir='ltr'><strong>Satirae.</strong></span> <span class='ocrx_word' id='word_1_69' title='bbox 559 1057 672 1099; x_wconf 89' lang='lat' dir='ltr'><strong>Cod.</strong></span> <span class='ocrx_word' id='word_1_70' title='bbox 693 1055 933 1097; x_wconf 91' lang='lat' dir='ltr'><strong>membran.</strong></span> <span class='ocrx_word' id='word_1_71' title='bbox 960 1053 1101 1096; x_wconf 88' lang='lat' dir='ltr'><strong>nitide</strong></span> <span class='ocrx_word' id='word_1_72' title='bbox 1124 1053 1334 1107; x_wconf 86' lang='lat' dir='ltr'><strong>scriptus,</strong></span> <span class='ocrx_word' id='word_1_73' title='bbox 1357 1066 1456 1095; x_wconf 90' lang='lat' dir='ltr'><strong>cum</strong></span> <span class='ocrx_word' id='word_1_74' title='bbox 1476 1053 1589 1094; x_wconf 90' lang='lat' dir='ltr'><strong>mul·</strong></span> <span class='ocrx_word' id='word_1_75' title='bbox 1668 1075 1681 1095; x_wconf 64' lang='grc' dir='ltr'>ι</span> 
     </span>
    </p>
   </div>
   <div class='ocr_carea' id='block_1_6' title="bbox 135 1125 1592 1302">
    <p class='ocr_par' dir='ltr' id='par_1_9' title="bbox 135 1125 1592 1302">
     <span class='ocr_line' id='line_1_12' title="bbox 135 1125 828 1174; baseline -0.01 -6"><span class='ocrx_word' id='word_1_76' title='bbox 135 1127 194 1168; x_wconf 90' lang='lat' dir='ltr'><strong>tis</strong></span> <span class='ocrx_word' id='word_1_77' title='bbox 214 1125 591 1174; x_wconf 83' lang='lat' dir='ltr'><strong>annotationibus,</strong></span> <span class='ocrx_word' id='word_1_78' title='bbox 610 1135 718 1165; x_wconf 87' lang='lat' dir='ltr'><strong>saec.</strong></span> <span class='ocrx_word' id='word_1_79' title='bbox 741 1133 828 1163; x_wconf 82' lang='lat' dir='ltr'><strong>xv.</strong></span> 
     </span>
     <span class='ocr_line' id='line_1_13' title="bbox 194 1185 1592 1242; baseline -0.004 -8"><span class='ocrx_word' id='word_1_80' title='bbox 194 1193 267 1234; x_wconf 80' lang='lat'><strong>29.</strong></span> <span class='ocrx_word' id='word_1_81' title='bbox 297 1192 477 1234; x_wconf 88' lang='lat' dir='ltr'><strong>Horatii</strong></span> <span class='ocrx_word' id='word_1_82' title='bbox 503 1189 590 1232; x_wconf 87' lang='lat' dir='ltr'><strong>Ars</strong></span> <span class='ocrx_word' id='word_1_83' title='bbox 623 1190 828 1239; x_wconf 80' lang='lat' dir='ltr'><strong>Po&#39;etica,</strong></span> <span class='ocrx_word' id='word_1_84' title='bbox 861 1192 906 1229; x_wconf 92' lang='lat' dir='ltr'><strong>et</strong></span> <span class='ocrx_word' id='word_1_85' title='bbox 940 1186 1174 1242; x_wconf 85' lang='lat' dir='ltr'><strong>Epistolae.</strong></span> <span class='ocrx_word' id='word_1_86' title='bbox 1211 1185 1321 1228; x_wconf 87' lang='lat' dir='ltr'><strong>Cod.</strong></span> <span class='ocrx_word' id='word_1_87' title='bbox 1350 1187 1592 1228; x_wconf 79' lang='lat' dir='ltr'><strong>membran.</strong></span> 
     </span>
     <span class='ocr_line' id='line_1_14' title="bbox 139 1269 374 1302; baseline -0.013 0"><span class='ocrx_word' id='word_1_88' title='bbox 139 1272 243 1302; x_wconf 85' lang='lat' dir='ltr'><strong>saec.</strong></span> <span class='ocrx_word' id='word_1_89' title='bbox 265 1269 374 1300; x_wconf 78' lang='lat' dir='ltr'><strong>xlv.</strong></span> 
     </span>
    </p>
   </div>
   <div class='ocr_carea' id='block_1_7' title="bbox 526 1398 1206 1443">
    <p class='ocr_par' dir='ltr' id='par_1_10' title="bbox 526 1398 1206 1443">
     <span class='ocr_line' id='line_1_15' title="bbox 526 1398 1206 1443; baseline -0.004 0"><span class='ocrx_word' id='word_1_90' title='bbox 526 1400 692 1443; x_wconf 84' lang='lat' dir='ltr'><strong>Codices</strong></span> <span class='ocrx_word' id='word_1_91' title='bbox 711 1401 756 1442; x_wconf 82' lang='lat' dir='ltr'><strong>in</strong></span> <span class='ocrx_word' id='word_1_92' title='bbox 774 1399 922 1441; x_wconf 76' lang='lat' dir='ltr'><strong>Museo</strong></span> <span class='ocrx_word' id='word_1_93' title='bbox 946 1398 1206 1441; x_wconf 81' lang='lat' dir='ltr'><strong>Britannico.</strong></span> 
     </span>
    </p>
   </div>
   <div class='ocr_carea' id='block_1_8' title="bbox 137 1522 1599 2786">
    <p class='ocr_par' dir='ltr' id='par_1_11' title="bbox 137 1522 1595 1770">
     <span class='ocr_line' id='line_1_16' title="bbox 198 1522 1594 1578; baseline 0.001 -12"><span class='ocrx_word' id='word_1_94' title='bbox 198 1524 362 1567; x_wconf 81' lang='lat' dir='ltr'><strong>Codices</strong></span> <span class='ocrx_word' id='word_1_95' title='bbox 379 1524 508 1566; x_wconf 84' lang='lat' dir='ltr'><strong>Harl.</strong></span> <span class='ocrx_word' id='word_1_96' title='bbox 530 1539 558 1567; x_wconf 88' lang='lat' dir='ltr'><strong>a</strong></span> <span class='ocrx_word' id='word_1_97' title='bbox 579 1524 742 1566; x_wconf 88' lang='lat' dir='ltr'><strong>Carolo</strong></span> <span class='ocrx_word' id='word_1_98' title='bbox 758 1524 943 1574; x_wconf 89' lang='lat' dir='ltr'><strong>Combe,</strong></span> <span class='ocrx_word' id='word_1_99' title='bbox 965 1524 1009 1565; x_wconf 93' lang='lat' dir='ltr'><strong>in</strong></span> <span class='ocrx_word' id='word_1_100' title='bbox 1025 1522 1217 1565; x_wconf 85' lang='lat' dir='ltr'><strong>editione</strong></span> <span class='ocrx_word' id='word_1_101' title='bbox 1231 1523 1427 1578; x_wconf 87' lang='lat' dir='ltr'><strong>Operum</strong></span> <span class='ocrx_word' id='word_1_102' title='bbox 1445 1525 1594 1568; x_wconf 88' lang='lat' dir='ltr'><strong>Hora-</strong></span> 
     </span>
     <span class='ocr_line' id='line_1_17' title="bbox 137 1590 1594 1644; baseline -0.001 -8"><span class='ocrx_word' id='word_1_103' title='bbox 137 1595 203 1644; x_wconf 79' lang='lat' dir='ltr'><strong>tii,</strong></span> <span class='ocrx_word' id='word_1_104' title='bbox 222 1594 366 1635; x_wconf 89' lang='lat' dir='ltr'><strong>Lond.</strong></span> <span class='ocrx_word' id='word_1_105' title='bbox 387 1593 514 1635; x_wconf 69' lang='lat'><strong>1792.</strong></span> <span class='ocrx_word' id='word_1_106' title='bbox 533 1593 776 1634; x_wconf 81' lang='lat' dir='ltr'><strong>memorati.</strong></span> <span class='ocrx_word' id='word_1_107' title='bbox 822 1590 881 1632; x_wconf 93' lang='lat' dir='ltr'><strong>A.</strong></span> <span class='ocrx_word' id='word_1_108' title='bbox 897 1591 1026 1632; x_wconf 77' lang='lat'><strong>2755.</strong></span> <span class='ocrx_word' id='word_1_109' title='bbox 1047 1603 1152 1631; x_wconf 86' lang='lat' dir='ltr'><strong>saec.</strong></span> <span class='ocrx_word' id='word_1_110' title='bbox 1170 1601 1223 1630; x_wconf 86' lang='lat' dir='ltr'><strong>x.</strong></span> <span class='ocrx_word' id='word_1_111' title='bbox 1268 1591 1324 1632; x_wconf 90' lang='lat' dir='ltr'><strong>B.</strong></span> <span class='ocrx_word' id='word_1_112' title='bbox 1339 1591 1468 1633; x_wconf 83' lang='lat'><strong>3534.</strong></span> <span class='ocrx_word' id='word_1_113' title='bbox 1488 1607 1594 1634; x_wconf 86' lang='lat' dir='ltr'><strong>saec.</strong></span> 
     </span>
     <span class='ocr_line' id='line_1_18' title="bbox 140 1657 1595 1703; baseline -0.001 0"><span class='ocrx_word' id='word_1_114' title='bbox 140 1673 234 1703; x_wconf 85' lang='lat' dir='ltr'><strong>xn.</strong></span> <span class='ocrx_word' id='word_1_115' title='bbox 298 1660 496 1702; x_wconf 76' lang='lat' dir='ltr'><strong>C.2724.</strong></span> <span class='ocrx_word' id='word_1_116' title='bbox 525 1673 631 1701; x_wconf 88' lang='lat' dir='ltr'><strong>saec.</strong></span> <span class='ocrx_word' id='word_1_117' title='bbox 666 1669 780 1699; x_wconf 79' lang='lat' dir='ltr'><strong>xm.</strong></span> <span class='ocrx_word' id='word_1_118' title='bbox 841 1659 901 1698; x_wconf 89' lang='lat' dir='ltr'><strong>D.</strong></span> <span class='ocrx_word' id='word_1_119' title='bbox 931 1658 1060 1699; x_wconf 75' lang='lat'><strong>3754.</strong></span> <span class='ocrx_word' id='word_1_120' title='bbox 1092 1670 1198 1698; x_wconf 87' lang='lat' dir='ltr'><strong>saec.</strong></span> <span class='ocrx_word' id='word_1_121' title='bbox 1233 1668 1318 1698; x_wconf 86' lang='lat' dir='ltr'><strong>xv.</strong></span> <span class='ocrx_word' id='word_1_122' title='bbox 1380 1657 1434 1699; x_wconf 93' lang='lat' dir='ltr'><strong>E.</strong></span> <span class='ocrx_word' id='word_1_123' title='bbox 1465 1659 1595 1701; x_wconf 83' lang='grc'><strong>2609.</strong></span> 
     </span>
     <span class='ocr_line' id='line_1_19' title="bbox 139 1724 1377 1770; baseline -0.004 -1"><span class='ocrx_word' id='word_1_124' title='bbox 139 1741 245 1770; x_wconf 83' lang='lat' dir='ltr'><strong>saec.</strong></span> <span class='ocrx_word' id='word_1_125' title='bbox 269 1738 356 1767; x_wconf 86' lang='lat' dir='ltr'><strong>xv.</strong></span> <span class='ocrx_word' id='word_1_126' title='bbox 415 1726 467 1766; x_wconf 91' lang='lat' dir='ltr'><strong>F.</strong></span> <span class='ocrx_word' id='word_1_127' title='bbox 487 1727 616 1766; x_wconf 73' lang='grc'><strong>4862.</strong></span> <span class='ocrx_word' id='word_1_128' title='bbox 636 1738 740 1766; x_wconf 85' lang='lat' dir='ltr'><strong>saec.</strong></span> <span class='ocrx_word' id='word_1_129' title='bbox 764 1735 852 1765; x_wconf 88' lang='lat' dir='ltr'><strong>xv.</strong></span> <span class='ocrx_word' id='word_1_130' title='bbox 911 1724 971 1765; x_wconf 88' lang='lat' dir='ltr'><strong>G.</strong></span> <span class='ocrx_word' id='word_1_131' title='bbox 991 1724 1119 1764; x_wconf 73' lang='lat'><strong>2621.</strong></span> <span class='ocrx_word' id='word_1_132' title='bbox 1140 1737 1243 1765; x_wconf 86' lang='lat' dir='ltr'><strong>saec.</strong></span> <span class='ocrx_word' id='word_1_133' title='bbox 1263 1736 1377 1765; x_wconf 81' lang='lat' dir='ltr'><strong>xm.</strong></span> 
     </span>
    </p>

    <p class='ocr_par' dir='ltr' id='par_1_12' title="bbox 140 1789 1598 2180">
     <span class='ocr_line' id='line_1_20' title="bbox 198 1789 1598 1846; baseline 0.001 -12"><span class='ocrx_word' id='word_1_134' title='bbox 198 1795 323 1834; x_wconf 87' lang='lat' dir='ltr'><strong>Inter</strong></span> <span class='ocrx_word' id='word_1_135' title='bbox 349 1792 545 1833; x_wconf 87' lang='lat' dir='ltr'><strong>Codices</strong></span> <span class='ocrx_word' id='word_1_136' title='bbox 578 1791 841 1838; x_wconf 78' lang='lat' dir='ltr'><strong>Burneianos</strong></span> <span class='ocrx_word' id='word_1_137' title='bbox 873 1791 934 1832; x_wconf 90' lang='lat' dir='ltr'><strong>N.</strong></span> <span class='ocrx_word' id='word_1_138' title='bbox 961 1789 1062 1832; x_wconf 82' lang='lat'><strong>181.</strong></span> <span class='ocrx_word' id='word_1_139' title='bbox 1093 1790 1273 1832; x_wconf 89' lang='lat' dir='ltr'><strong>Horatii</strong></span> <span class='ocrx_word' id='word_1_140' title='bbox 1294 1793 1470 1846; x_wconf 84' lang='lat' dir='ltr'><strong>Lyrica.</strong></span> <span class='ocrx_word' id='word_1_141' title='bbox 1506 1793 1598 1836; x_wconf 86' lang='lat' dir='ltr'><strong>De-</strong></span> 
     </span>
     <span class='ocr_line' id='line_1_21' title="bbox 142 1857 1596 1914; baseline 0 -13"><span class='ocrx_word' id='word_1_142' title='bbox 142 1859 352 1901; x_wconf 85' lang='lat' dir='ltr'><strong>scribitur</strong></span> <span class='ocrx_word' id='word_1_143' title='bbox 380 1859 425 1899; x_wconf 91' lang='lat' dir='ltr'><strong>in</strong></span> <span class='ocrx_word' id='word_1_144' title='bbox 458 1857 694 1910; x_wconf 88' lang='lat' dir='ltr'><strong>Catalogo,</strong></span> <span class='ocrx_word' id='word_1_145' title='bbox 723 1862 771 1900; x_wconf 91' lang='lat' dir='ltr'><strong>ut</strong></span> <span class='ocrx_word' id='word_1_146' title='bbox 797 1858 895 1900; x_wconf 91' lang='lat' dir='ltr'><strong>cod.</strong></span> <span class='ocrx_word' id='word_1_147' title='bbox 928 1858 1018 1900; x_wconf 89' lang='lat' dir='ltr'><strong>Ms.</strong></span> <span class='ocrx_word' id='word_1_148' title='bbox 1041 1858 1282 1900; x_wconf 86' lang='lat' dir='ltr'><strong>membran.</strong></span> <span class='ocrx_word' id='word_1_149' title='bbox 1304 1861 1477 1914; x_wconf 87' lang='lat' dir='ltr'><strong>paginis</strong></span> <span class='ocrx_word' id='word_1_150' title='bbox 1496 1861 1596 1904; x_wconf 88' lang='lat'><strong>190.</strong></span> 
     </span>
     <span class='ocr_line' id='line_1_22' title="bbox 143 1924 1596 1979; baseline 0.001 -12"><span class='ocrx_word' id='word_1_151' title='bbox 143 1929 189 1967; x_wconf 91' lang='lat' dir='ltr'><strong>et</strong></span> <span class='ocrx_word' id='word_1_152' title='bbox 216 1930 266 1967; x_wconf 89' lang='lat' dir='ltr'><strong>ut</strong></span> <span class='ocrx_word' id='word_1_153' title='bbox 292 1925 439 1967; x_wconf 86' lang='lat' dir='ltr'><strong>collat.</strong></span> <span class='ocrx_word' id='word_1_154' title='bbox 462 1925 519 1966; x_wconf 90' lang='lat' dir='ltr'><strong>ad</strong></span> <span class='ocrx_word' id='word_1_155' title='bbox 549 1925 763 1979; x_wconf 88' lang='lat' dir='ltr'><strong>quasdam</strong></span> <span class='ocrx_word' id='word_1_156' title='bbox 797 1926 984 1979; x_wconf 85' lang='lat' dir='ltr'><strong>paginas</strong></span> <span class='ocrx_word' id='word_1_157' title='bbox 1014 1924 1223 1966; x_wconf 86' lang='lat' dir='ltr'><strong>editionis</strong></span> <span class='ocrx_word' id='word_1_158' title='bbox 1250 1925 1438 1969; x_wconf 85' lang='lat' dir='ltr'><strong>Ricardi</strong></span> <span class='ocrx_word' id='word_1_159' title='bbox 1460 1928 1596 1969; x_wconf 88' lang='lat' dir='ltr'><strong>Bent-</strong></span> 
     </span>
     <span class='ocr_line' id='line_1_23' title="bbox 140 1990 1595 2048; baseline 0.002 -14"><span class='ocrx_word' id='word_1_160' title='bbox 140 1993 230 2042; x_wconf 92' lang='lat' dir='ltr'><strong>leii,</strong></span> <span class='ocrx_word' id='word_1_161' title='bbox 256 2005 358 2046; x_wconf 87' lang='lat' dir='ltr'><strong>quae</strong></span> <span class='ocrx_word' id='word_1_162' title='bbox 386 1990 709 2032; x_wconf 87' lang='lat' dir='ltr'><strong>Amstelodami</strong></span> <span class='ocrx_word' id='word_1_163' title='bbox 739 1992 860 2032; x_wconf 90' lang='lat' dir='ltr'><strong>edita</strong></span> <span class='ocrx_word' id='word_1_164' title='bbox 892 1994 956 2032; x_wconf 88' lang='lat' dir='ltr'><strong>est</strong></span> <span class='ocrx_word' id='word_1_165' title='bbox 982 1990 1109 2032; x_wconf 80' lang='grc'><strong>1713.</strong></span> <span class='ocrx_word' id='word_1_166' title='bbox 1139 1991 1322 2034; x_wconf 90' lang='lat' dir='ltr'><strong>illumin.</strong></span> <span class='ocrx_word' id='word_1_167' title='bbox 1346 1996 1390 2034; x_wconf 90' lang='lat' dir='ltr'><strong>et</strong></span> <span class='ocrx_word' id='word_1_168' title='bbox 1411 1995 1595 2048; x_wconf 92' lang='lat' dir='ltr'><strong>pulchre</strong></span> 
     </span>
     <span class='ocr_line' id='line_1_24' title="bbox 141 2057 1595 2113; baseline 0.002 -13"><span class='ocrx_word' id='word_1_169' title='bbox 141 2059 347 2113; x_wconf 84' lang='lat' dir='ltr'><strong>scriptus.</strong></span> <span class='ocrx_word' id='word_1_170' title='bbox 411 2058 512 2099; x_wconf 89' lang='lat' dir='ltr'><strong>Vita</strong></span> <span class='ocrx_word' id='word_1_171' title='bbox 532 2058 713 2100; x_wconf 85' lang='lat' dir='ltr'><strong>Horatii</strong></span> <span class='ocrx_word' id='word_1_172' title='bbox 734 2071 812 2112; x_wconf 90' lang='lat' dir='ltr'><strong>per</strong></span> <span class='ocrx_word' id='word_1_173' title='bbox 832 2058 1013 2099; x_wconf 90' lang='lat' dir='ltr'><strong>Petrum</strong></span> <span class='ocrx_word' id='word_1_174' title='bbox 1045 2057 1263 2100; x_wconf 86' lang='lat' dir='ltr'><strong>Crinitum</strong></span> <span class='ocrx_word' id='word_1_175' title='bbox 1291 2059 1595 2106; x_wconf 75' lang='lat' dir='ltr'><strong>Florentinum</strong></span> 
     </span>
     <span class='ocr_line' id='line_1_25' title="bbox 141 2124 979 2180; baseline -0.004 -12"><span class='ocrx_word' id='word_1_176' title='bbox 141 2126 401 2180; x_wconf 79' lang='lat' dir='ltr'><strong>praefigitur,</strong></span> <span class='ocrx_word' id='word_1_177' title='bbox 424 2125 525 2167; x_wconf 87' lang='lat' dir='ltr'><strong>Ital.</strong></span> <span class='ocrx_word' id='word_1_178' title='bbox 547 2125 740 2167; x_wconf 87' lang='lat' dir='ltr'><strong>charact.</strong></span> <span class='ocrx_word' id='word_1_179' title='bbox 757 2124 873 2167; x_wconf 90' lang='lat' dir='ltr'><strong>Saec.</strong></span> <span class='ocrx_word' id='word_1_180' title='bbox 892 2136 979 2166; x_wconf 88' lang='lat' dir='ltr'><strong>xv.</strong></span> 
     </span>
    </p>

    <p class='ocr_par' dir='ltr' id='par_1_13' title="bbox 142 2190 1598 2381">
     <span class='ocr_line' id='line_1_26' title="bbox 199 2190 1597 2247; baseline 0.004 -12"><span class='ocrx_word' id='word_1_181' title='bbox 199 2192 375 2235; x_wconf 88' lang='lat' dir='ltr'><strong>Horatii</strong></span> <span class='ocrx_word' id='word_1_182' title='bbox 393 2192 483 2235; x_wconf 88' lang='lat' dir='ltr'><strong>Ars</strong></span> <span class='ocrx_word' id='word_1_183' title='bbox 504 2190 709 2243; x_wconf 66' lang='grc' dir='ltr'><strong>Ροόῒίοα,</strong></span> <span class='ocrx_word' id='word_1_184' title='bbox 729 2197 815 2234; x_wconf 88' lang='lat' dir='ltr'><strong>una</strong></span> <span class='ocrx_word' id='word_1_185' title='bbox 835 2205 935 2234; x_wconf 90' lang='lat' dir='ltr'><strong>cum</strong></span> <span class='ocrx_word' id='word_1_186' title='bbox 958 2193 1149 2247; x_wconf 89' lang='lat' dir='ltr'><strong>Epistol.</strong></span> <span class='ocrx_word' id='word_1_187' title='bbox 1169 2194 1266 2237; x_wconf 92' lang='lat' dir='ltr'><strong>Lib.</strong></span> <span class='ocrx_word' id='word_1_188' title='bbox 1289 2207 1322 2237; x_wconf 88' lang='lat'><strong>1.</strong></span> <span class='ocrx_word' id='word_1_189' title='bbox 1343 2201 1385 2238; x_wconf 91' lang='lat' dir='ltr'><strong>et</strong></span> <span class='ocrx_word' id='word_1_190' title='bbox 1407 2209 1459 2238; x_wconf 86' lang='lat'><strong>11.</strong></span> <span class='ocrx_word' id='word_1_191' title='bbox 1510 2192 1597 2240; x_wconf 85' lang='lat' dir='ltr'><strong>Go-</strong></span> 
     </span>
     <span class='ocr_line' id='line_1_27' title="bbox 142 2258 1598 2314; baseline 0.004 -13"><span class='ocrx_word' id='word_1_192' title='bbox 142 2260 235 2301; x_wconf 84' lang='lat' dir='ltr'><strong>dex</strong></span> <span class='ocrx_word' id='word_1_193' title='bbox 262 2261 500 2302; x_wconf 89' lang='lat' dir='ltr'><strong>membran.</strong></span> <span class='ocrx_word' id='word_1_194' title='bbox 532 2273 638 2302; x_wconf 85' lang='lat' dir='ltr'><strong>saec.</strong></span> <span class='ocrx_word' id='word_1_195' title='bbox 670 2270 777 2300; x_wconf 84' lang='lat' dir='ltr'><strong>xlv.</strong></span> <span class='ocrx_word' id='word_1_196' title='bbox 809 2273 911 2301; x_wconf 90' lang='lat' dir='ltr'><strong>cum</strong></span> <span class='ocrx_word' id='word_1_197' title='bbox 939 2261 1092 2301; x_wconf 89' lang='lat' dir='ltr'><strong>multis</strong></span> <span class='ocrx_word' id='word_1_198' title='bbox 1133 2262 1298 2314; x_wconf 84' lang='lat' dir='ltr'><strong>glossis</strong></span> <span class='ocrx_word' id='word_1_199' title='bbox 1336 2258 1523 2305; x_wconf 84' lang='lat' dir='ltr'><strong>interlin.</strong></span> <span class='ocrx_word' id='word_1_200' title='bbox 1553 2272 1598 2307; x_wconf 88' lang='lat' dir='ltr'><strong>et</strong></span> 
     </span>
     <span class='ocr_line' id='line_1_28' title="bbox 142 2328 506 2381; baseline -0.003 -12"><span class='ocrx_word' id='word_1_201' title='bbox 142 2328 260 2369; x_wconf 86' lang='lat' dir='ltr'><strong>notis</strong></span> <span class='ocrx_word' id='word_1_202' title='bbox 281 2328 506 2381; x_wconf 88' lang='lat' dir='ltr'><strong>marginal.</strong></span> 
     </span>
    </p>

    <p class='ocr_par' dir='ltr' id='par_1_14' title="bbox 146 2394 1596 2515">
     <span class='ocr_line' id='line_1_29' title="bbox 205 2394 1596 2450; baseline 0.004 -15"><span class='ocrx_word' id='word_1_203' title='bbox 205 2395 385 2436; x_wconf 88' lang='lat' dir='ltr'><strong>Horatii</strong></span> <span class='ocrx_word' id='word_1_204' title='bbox 404 2394 493 2435; x_wconf 90' lang='lat' dir='ltr'><strong>Ars</strong></span> <span class='ocrx_word' id='word_1_205' title='bbox 515 2394 719 2445; x_wconf 72' lang='lat' dir='ltr'><strong>Poetica,</strong></span> <span class='ocrx_word' id='word_1_206' title='bbox 741 2396 841 2436; x_wconf 92' lang='lat' dir='ltr'><strong>cod.</strong></span> <span class='ocrx_word' id='word_1_207' title='bbox 863 2397 1051 2437; x_wconf 88' lang='lat' dir='ltr'><strong>chartac.</strong></span> <span class='ocrx_word' id='word_1_208' title='bbox 1078 2396 1173 2436; x_wconf 90' lang='lat' dir='ltr'><strong>sine</strong></span> <span class='ocrx_word' id='word_1_209' title='bbox 1200 2395 1332 2448; x_wconf 85' lang='lat' dir='ltr'><strong>gloss.</strong></span> <span class='ocrx_word' id='word_1_210' title='bbox 1363 2401 1439 2437; x_wconf 82' lang='lat' dir='ltr'><strong>aut</strong></span> <span class='ocrx_word' id='word_1_211' title='bbox 1465 2400 1596 2450; x_wconf 83' lang='lat' dir='ltr'><strong>notis,</strong></span> 
     </span>
     <span class='ocr_line' id='line_1_30' title="bbox 146 2459 952 2515; baseline 0.001 -15"><span class='ocrx_word' id='word_1_212' title='bbox 146 2460 358 2513; x_wconf 89' lang='lat' dir='ltr'><strong>scriptus,</strong></span> <span class='ocrx_word' id='word_1_213' title='bbox 380 2464 426 2500; x_wconf 91' lang='lat' dir='ltr'><strong>ut</strong></span> <span class='ocrx_word' id='word_1_214' title='bbox 443 2459 628 2509; x_wconf 89' lang='lat' dir='ltr'><strong>videtur,</strong></span> <span class='ocrx_word' id='word_1_215' title='bbox 646 2461 691 2500; x_wconf 92' lang='lat' dir='ltr'><strong>in</strong></span> <span class='ocrx_word' id='word_1_216' title='bbox 713 2460 952 2515; x_wconf 88' lang='lat' dir='ltr'><strong>Hispania.</strong></span> 
     </span>
    </p>

    <p class='ocr_par' dir='ltr' id='par_1_15' title="bbox 148 2525 1596 2634">
     <span class='ocr_line' id='line_1_31' title="bbox 204 2525 1596 2583; baseline 0.007 -18"><span class='ocrx_word' id='word_1_217' title='bbox 204 2525 326 2566; x_wconf 90' lang='lat' dir='ltr'><strong>Inter</strong></span> <span class='ocrx_word' id='word_1_218' title='bbox 349 2526 521 2567; x_wconf 86' lang='lat' dir='ltr'><strong>codices</strong></span> <span class='ocrx_word' id='word_1_219' title='bbox 550 2527 826 2569; x_wconf 86' lang='lat' dir='ltr'><strong>Burneianos</strong></span> <span class='ocrx_word' id='word_1_220' title='bbox 857 2533 957 2570; x_wconf 89' lang='lat' dir='ltr'><strong>sunt</strong></span> <span class='ocrx_word' id='word_1_221' title='bbox 986 2534 1176 2583; x_wconf 86' lang='lat' dir='ltr'><strong>quatuor</strong></span> <span class='ocrx_word' id='word_1_222' title='bbox 1202 2529 1276 2570; x_wconf 87' lang='lat' dir='ltr'><strong>alii</strong></span> <span class='ocrx_word' id='word_1_223' title='bbox 1304 2530 1490 2575; x_wconf 82' lang='lat' dir='ltr'><strong>diversae</strong></span> <span class='ocrx_word' id='word_1_224' title='bbox 1510 2534 1596 2576; x_wconf 86' lang='lat' dir='ltr'><strong>sor-</strong></span> 
     </span>
     <span class='ocr_line' id='line_1_32' title="bbox 148 2592 598 2634; baseline 0.002 -1"><span class='ocrx_word' id='word_1_225' title='bbox 148 2605 235 2633; x_wconf 85' lang='lat' dir='ltr'><strong>mae</strong></span> <span class='ocrx_word' id='word_1_226' title='bbox 254 2596 299 2633; x_wconf 91' lang='lat' dir='ltr'><strong>et</strong></span> <span class='ocrx_word' id='word_1_227' title='bbox 319 2592 598 2634; x_wconf 84' lang='lat' dir='ltr'><strong>characteris.</strong></span> 
     </span>
    </p>

    <p class='ocr_par' dir='ltr' id='par_1_16' title="bbox 146 2657 1599 2786">
     <span class='ocr_line' id='line_1_33' title="bbox 202 2657 1596 2716; baseline 0.009 -17"><span class='ocrx_word' id='word_1_228' title='bbox 202 2658 357 2700; x_wconf 88' lang='lat' dir='ltr'><strong>Codex</strong></span> <span class='ocrx_word' id='word_1_229' title='bbox 380 2657 613 2700; x_wconf 78' lang='lat' dir='ltr'><strong>Lansdoun.</strong></span> <span class='ocrx_word' id='word_1_230' title='bbox 648 2661 708 2703; x_wconf 92' lang='lat' dir='ltr'><strong>N.</strong></span> <span class='ocrx_word' id='word_1_231' title='bbox 727 2662 826 2703; x_wconf 81' lang='lat'><strong>836.</strong></span> <span class='ocrx_word' id='word_1_232' title='bbox 869 2663 1044 2704; x_wconf 87' lang='lat' dir='ltr'><strong>Horatii</strong></span> <span class='ocrx_word' id='word_1_233' title='bbox 1068 2663 1231 2716; x_wconf 86' lang='lat' dir='ltr'><strong>Opera,</strong></span> <span class='ocrx_word' id='word_1_234' title='bbox 1252 2665 1491 2709; x_wconf 89' lang='lat' dir='ltr'><strong>membran.</strong></span> <span class='ocrx_word' id='word_1_235' title='bbox 1510 2669 1596 2710; x_wconf 84' lang='lat' dir='ltr'><strong>ele-</strong></span> 
     </span>
     <span class='ocr_line' id='line_1_34' title="bbox 146 2726 1599 2786; baseline 0.008 -21"><span class='ocrx_word' id='word_1_236' title='bbox 146 2729 292 2780; x_wconf 84' lang='lat' dir='ltr'><strong>ganter</strong></span> <span class='ocrx_word' id='word_1_237' title='bbox 324 2726 474 2779; x_wconf 88' lang='lat' dir='ltr'><strong>script.</strong></span> <span class='ocrx_word' id='word_1_238' title='bbox 517 2726 678 2769; x_wconf 84' lang='lat' dir='ltr'><strong>Italica</strong></span> <span class='ocrx_word' id='word_1_239' title='bbox 723 2742 869 2780; x_wconf 85' lang='lat' dir='ltr'><strong>manu,</strong></span> <span class='ocrx_word' id='word_1_240' title='bbox 905 2734 950 2770; x_wconf 85' lang='lat' dir='ltr'><strong>et</strong></span> <span class='ocrx_word' id='word_1_241' title='bbox 983 2730 1163 2771; x_wconf 87' lang='lat' dir='ltr'><strong>illumin.</strong></span> <span class='ocrx_word' id='word_1_242' title='bbox 1205 2731 1300 2772; x_wconf 90' lang='lat' dir='ltr'><strong>sine</strong></span> <span class='ocrx_word' id='word_1_243' title='bbox 1331 2732 1492 2786; x_wconf 89' lang='lat' dir='ltr'><strong>glossis</strong></span> <span class='ocrx_word' id='word_1_244' title='bbox 1523 2741 1599 2778; x_wconf 87' lang='lat' dir='ltr'><strong>aut</strong></span> 
     </span>
    </p>
   </div>
   <div class='ocr_carea' id='block_1_9' title="bbox 147 2793 1597 2912">
    <p class='ocr_par' dir='ltr' id='par_1_17' title="bbox 147 2793 1597 2912">
     <span class='ocr_line' id='line_1_35' title="bbox 147 2793 1597 2853; baseline 0.006 -18"><span class='ocrx_word' id='word_1_245' title='bbox 147 2793 511 2835; x_wconf 86' lang='lat' dir='ltr'><strong>annotationibus</strong></span> <span class='ocrx_word' id='word_1_246' title='bbox 542 2795 880 2849; x_wconf 83' lang='lat' dir='ltr'><strong>marginalibus:</strong></span> <span class='ocrx_word' id='word_1_247' title='bbox 921 2798 1024 2839; x_wconf 88' lang='lat' dir='ltr'><strong>olim</strong></span> <span class='ocrx_word' id='word_1_248' title='bbox 1054 2798 1138 2840; x_wconf 82' lang='lat' dir='ltr'><strong>fuit</strong></span> <span class='ocrx_word' id='word_1_249' title='bbox 1170 2799 1373 2842; x_wconf 79' lang='lat' dir='ltr'><strong>Matthiae</strong></span> <span class='ocrx_word' id='word_1_250' title='bbox 1404 2800 1597 2853; x_wconf 87' lang='lat' dir='ltr'><strong>Corvini,</strong></span> 
     </span>
     <span class='ocr_line' id='line_1_36' title="bbox 234 2871 1513 2912; baseline 0.006 -10"><span class='ocrx_word' id='word_1_251' title='bbox 234 2871 350 2912; x_wconf 74' lang='lat' dir='ltr'><strong>Delph.</strong></span> <span class='ocrx_word' id='word_1_252' title='bbox 366 2875 396 2903; x_wconf 76' lang='lat' dir='ltr'><strong>et</strong></span> <span class='ocrx_word' id='word_1_253' title='bbox 420 2871 494 2903; x_wconf 84' lang='lat' dir='ltr'><strong>Var.</strong></span> <span class='ocrx_word' id='word_1_254' title='bbox 512 2873 596 2904; x_wconf 72' lang='lat' dir='ltr'><strong>Clas.</strong></span> <span class='ocrx_word' id='word_1_255' title='bbox 837 2874 954 2907; x_wconf 79' lang='lat' dir='ltr'><strong>Horat.</strong></span> <span class='ocrx_word' id='word_1_256' title='bbox 1448 2882 1469 2909; x_wconf 80' lang='lat'><strong>6</strong></span> <span class='ocrx_word' id='word_1_257' title='bbox 1491 2880 1513 2910; x_wconf 89' lang='lat' dir='ltr'>S</span> 
     </span>
    </p>
   </div>
  </div>
 </body>
</html>
