1858 3184
262 228 374 271 1828

262 331 378 374 quitur
390 341 400 371 ;
412 331 528 373 quales
541 330 647 363 videri
661 331 819 363 volebant
828 330 953 363 Stoici:

263 381 322 413 sed
338 380 381 412 de
395 390 449 418 eo,
470 381 527 422 qui
551 381 738 422 periclitari
757 390 797 411 ac
824 385 955 412 tentare

263 439 317 461 res
333 428 458 461 audeat
472 440 482 469 ;
499 430 615 471 quales
627 431 684 472 qui
700 431 734 461 in
746 430 866 471 repub.
882 439 954 461 ver-

262 484 392 511 santur.
441 479 522 520 Ipsa
538 480 626 510 enim
641 480 795 511 vocabuli
811 479 897 511 ratio
912 479 954 510 ad

262 528 606 569 actionemrpertinet.
653 528 700 560 At
714 538 792 560 vero
805 530 815 547 ‘
830 538 953 569 exper-

263 577 353 610 tum'
368 587 445 610 cum
460 577 615 618 dicimus,
630 578 641 597 ‘
654 578 823 610 habitum'
840 589 954 620 quem-

261 628 339 659 dam
349 628 561 669 experientia
572 623 703 669 p'artum
717 627 953 669 significamus.

264 679 408 710 Torreat.

303 731 344 760 43
371 729 484 759 Coram
497 738 570 768 rege
587 727 657 768 suo]
689 728 857 762 Quoniam
880 737 952 759 eam

260 777 407 809 maxime
429 777 474 808 ob
496 787 648 809 caussam
673 778 818 819 majores
841 777 954 808 obser-

259 836 378 859 vamus
401 831 437 858 et
465 827 618 869 colimus,
647 831 686 859 ut
713 837 783 859 rem
804 831 954 859 nostram

259 877 433 909 meliorem
461 877 647 916 faciamus3
674 881 709 909 et
730 877 765 908 id
787 877 953 919 quomodo

259 927 376 959 Scaeva
405 926 566 967 consequi
595 927 717 968 possit,
744 926 954 958 demonstrat

259 975 434 1008 Horatius.
477 976 573 1007 Idem
590 980 703 1008 autem
717 977 726 993 ‘
739 976 837 1016 Rex:
851 976 955 1017 quiet

259 1026 269 1043 ‘
285 1029 404 1066 potens
415 1025 564 1059 amicus.'
585 1026 725 1058 Torrent.
754 1027 868 1057 Coram
882 1035 955 1064 rege

258 1073 329 1114 suo]
375 1075 498 1107 Coram
527 1076 634 1107 amico
661 1085 722 1107 suo
751 1075 955 1116 potentiore.

262 1123 423 1164 Tacentes]
450 1124 531 1155 Non
547 1127 807 1164 conquerentes,

301 1175 344 1204 44
370 1172 449 1203 Plus
469 1176 610 1213 poscente
621 1172 747 1213 semet]
769 1172 853 1204 Plus
870 1173 956 1205 acci·

262 1221 361 1261 pient
387 1231 406 1251 a
436 1221 630 1261 potentiore
652 1221 774 1260 amico,
803 1231 904 1262 quam
927 1221 955 1253 is

261 1270 319 1311 qui
332 1270 455 1310 poscit.
501 1270 615 1301 Distat
630 1270 785 1310 sumasne]
807 1271 956 1303 Multum

259 1319 407 1350 interest
419 1322 531 1349 utrum
544 1328 620 1349 cum
635 1319 764 1359 pudore
778 1328 902 1359 sumas,
913 1329 955 1350 an

258 1367 476 1409 impudenter
490 1368 639 1408 petendo
656 1373 872 1409 extorqueas.

304 1420 343 1449 45
355 1417 453 1457 Atqui
463 1426 566 1448 rerum
579 1418 685 1458 caput]
701 1417 838 1448 Summa
852 1417 954 1449 totius

260 1467 324 1506 rei,
341 1467 384 1499 de
399 1477 465 1509 qua
491 1467 632 1508 agimus,
655 1470 720 1507 est,
743 1470 782 1498 ut
805 1475 880 1498 cum
903 1466 955 1498 di-

261 1516 406 1549 tioribus
431 1517 547 1548 amicis
576 1515 740 1547 decenter
771 1524 956 1547 versemur.

261 1567 379 1598 Rerum
391 1566 499 1608 caput]
522 1566 599 1597 Hoc
615 1570 679 1606 est,
695 1565 805 1607 prima
817 1569 853 1597 et
869 1575 955 1606 pras-

261 1616 362 1657 cipua
388 1625 510 1648 caussa
532 1619 635 1656 atque
661 1615 818 1654 intentio,
839 1618 877 1646 ut
897 1614 955 1656 qui

259 1666 379 1706 majori
393 1665 636 1705 servit,melius
648 1665 784 1696 habeat.
809 1665 953 1696 Torrent.

302 1717 344 1745 4⁷
360 1715 407 1745 Et
415 1714 538 1752 fundus
550 1723 606 1745 nec
626 1714 804 1750 vendibilis,
818 1723 873 1745 nec
883 1723 953 1755 pus-

261 1772 328 1794 cere
333 1762 464 1804 firmus]
486 1762 529 1793 Id
541 1766 606 1802 est,
617 1772 685 1794 non
696 1762 810 1794 firmus
825 1763 860 1793 in
876 1772 954 1803 sup-

260 1812 455 1853 peditandis
471 1812 662 1843 alimentis:
685 1812 898 1844 Firmitatem
918 1815 955 1843 et

261 1860 485 1892 constantiam
514 1860 548 1890 in
575 1861 666 1891 victu
705 1860 955 1900 suppeditando

261 1919 329 1941 non
346 1918 495 1940 servans·
542 1908 687 1939 Perinde
704 1918 744 1939 ac
760 1909 788 1939 si
803 1909 955 1947 dixisset,

261 1958 365 1998 Cujus
397 1966 463 1988 non
489 1961 542 1988 est
569 1961 666 1988 certa
691 1956 788 1996 fides,
815 1957 870 1987 vel
896 1957 953 1996 qui

261 2016 357 2047 spem
373 2005 546 2044 mentitur,
559 2004 682 2036 fundus
700 2004 857 2037 mendax.
885 2005 954 2037 Nec

256 2065 382 2096 pascere
397 2054 529 2097 firmus]
553 2055 630 2085 Nec
655 2053 770 2085 firmus
797 2063 851 2085 me
877 2064 952 2095 pas-

261 2114 339 2137 cere
362 2108 503 2146 propter
524 2102 658 2144 frugum
681 2108 883 2144 proventum
904 2105 953 2136 in·

260 2158 404 2186 certum.

302 2206 346 2236 48
361 2203 426 2240 Qun·
441 2202 533 2242 dicit]
544 2202 612 2236 Qui
626 2202 674 2234 sic
689 2202 851 2244 queritur,
862 2203 954 2235 vide·

261 2259 318 2286 tur
333 2253 491 2291 clamare,
507 2250 604 2283 Date'
621 2252 830 2284 alimentum.
875 2252 954 2283 Suc-

261 2303 341 2334 cinit
347 2301 441 2342 alter]
453 2301 529 2333 Hoc
541 2306 696 2342 petacem
709 2301 867 2332 clientem
875 2311 953 2342 pro-

261 2350 364 2383 ficere
379 2350 439 2389 ait,
464 2353 501 2381 ut
524 2349 605 2381 alios
627 2359 759 2391 quoque
775 2349 817 2380 ad
833 2354 953 2391 peteu-

262 2400 341 2432 dum
365 2402 540 2440 provocet.
583 2398 652 2430 Per
675 2398 804 2438 μίμησιν
830 2408 953 2440 nempe

261 2451 335 2481 haec
364 2447 562 2489 accipienda
584 2451 674 2488 sunt,
696 2452 734 2480 ut
757 2448 867 2489 palam
893 2457 951 2489 pe-

263 2498 349 2529 tenti
360 2498 444 2529 alius
455 2497 621 2539 quispiam
632 2497 690 2539 qui
699 2497 783 2538 nihil
797 2498 828 2529 ei
840 2497 952 2537 cedat,

261 2547 339 2577 ilico
353 2547 458 2578 veluti
473 2546 627 2579 succinat
635 2546 670 2578 id
688 2546 774 2588 quod
789 2546 953 2588 sequitur,

266 2597 308 2626 Et
337 2595 413 2626 mihi
439 2596 588 2633 dividam·
622 2601 702 2628 sunt
726 2596 816 2628 enim
840 2597 952 2628 aemuli

261 2646 495 2684 competitoris
511 2645 543 2675 in
561 2651 694 2686 partem
710 2646 824 2678 venire
840 2647 951 2678 volen-

263 2696 306 2725 tis
322 2694 439 2725 verba.
457 2695 597 2726 Tan-ent.
628 2695 768 2728 Sacc-init
782 2695 952 2737 alterutra]

263 2744 362 2776 Alter
378 2744 483 2776 cliens
501 2746 699 2777 succlamat.

721 237 861 268 NOTAE
893 236 1111 268 vAmoRU
1122 238 1151 266 M
1194 237 1245 267 IN

1045 333 1088 363 49
1104 329 1393 371 Dividuofindelur
1413 338 1537 362 munere
1560 330 1694 373 quadra]

1006 380 1090 412 Cum
1105 382 1115 399 ‘
1131 380 1303 411 dividuum
1319 388 1439 411 munus
1450 378 1461 393 ’
1475 378 1573 420 dicit,
1584 389 1696 422 mqua-

1005 432 1072 463 lem
1087 441 1163 463 cum
1180 432 1290 463 altero
1303 435 1433 472 partem
1442 430 1567 470 cogita.
1587 431 1696 472 Sigui-

1002 480 1085 512 ficat
1096 482 1186 512 enim
1197 481 1254 512 vix
1267 480 1442 511 dimidium
1454 479 1496 511 ad
1508 489 1545 512 se
1556 486 1696 521 perven-

1004 534 1129 562 turum.
1161 531 1208 562 Et
1222 529 1233 547 ‘
1245 529 1383 571 quadrae
1393 529 1403 543 '
1416 529 1580 561 vocabulo
1594 538 1698 570 panes
1733 565 1739 571 ,

1003 579 1186 619 significari
1201 579 1417 614 crediderim,
1431 588 1514 620 quos
1532 579 1542 597 ‘
1554 578 1697 620 qnadra-

1002 629 1072 660 tos'
1090 633 1181 660 teste
1204 629 1350 670 quodam
1369 629 1579 668 Philemone,
1606 627 1696 669 apud

1004 677 1206 709 Athenaeum
1229 678 1288 709 lib.
1304 686 1362 708 ιιι.
1385 677 1609 718 appellabant
1631 677 1698 709 Ro-

1002 727 1104 767 mani,
1120 728 1234 768 quales
1258 727 1389 759 Graecis
1412 725 1576 766 βλωμίλιοι
1600 726 1699 767 ἄρτοι,

1003 776 1095 817 quod
1118 776 1272 817 pluribus
1297 776 1472 816 buccellis,
1486 776 1558 807 sive
1581 780 1700 807 turun-

1004 825 1076 866 das,
1091 830 1149 857 aut
1163 826 1313 857 crustula
1324 825 1439 857 dicere
1453 825 1574 865 mavis,
1585 825 1698 857 coliae-

1004 875 1137 907 rebant.
1183 876 1367 907 Possumus
1389 874 1488 906 etiam
1511 881 1547 907 et
1561 874 1698 916 quidem

1004 924 1014 941 ‘
1026 925 1188 965 simplicis
1217 925 1356 966 quadrae
1367 924 1376 938 '
1409 924 1542 955 nominc
1571 923 1699 956 cibaria

1005 974 1117 1005 omnia
1145 974 1359 1015 intelligere:
1391 977 1430 1005 ut
1451 973 1508 1015 qui
1535 972 1698 1014 quadram

1005 1023 1108 1063 petit,
1134 1023 1263 1055 victum
1289 1027 1410 1064 petere
1434 1021 1613 1060 videntum
1649 1022 1698 1053 sic

1004 1074 1094 1105 enim
1130 1074 1327 1107 Juvenalis:
1359 1074 1369 1092 ‘
1382 1073 1432 1105 Ut
1459 1072 1549 1104 bona
1573 1076 1699 1104 cuncta

1005 1128 1105 1163 putes
1121 1123 1233 1154 aliena
1246 1123 1363 1153 vivere
1376 1120 1508 1162 quadra
1519 1119 1539 1150 :'
1561 1129 1624 1161 pro
1639 1120 1699 1151 ali-

1006 1181 1070 1202 eno
1098 1175 1220 1203 sumtu.
1266 1170 1403 1211 Alioqui
1425 1169 1543 1210 quadra
1562 1169 1699 1210 proprie

1006 1224 1061 1252 est
1072 1229 1115 1251 ex
1128 1220 1297 1251 mensario
1306 1218 1608 1258 instrumento,cui
1619 1228 1699 1250 con·

1005 1271 1118 1301 scissae
1134 1269 1239 1310 dapes
1255 1270 1483 1310 imponuntur,
1500 1268 1577 1299 olim
1594 1268 1699 1299 etiam

1006 1329 1049 1350 ex
1061 1329 1147 1359 pane
1164 1319 1206 1350 ad
1224 1328 1300 1349 eum
1316 1326 1410 1348 usum
1425 1320 1544 1356 aptato
1554 1316 1629 1347 fieri
1643 1326 1698 1348 so-

1006 1368 1086 1399 lita:
1110 1372 1147 1398 ut
1161 1367 1251 1408 apud
1272 1366 1366 1406 Virg.
1383 1364 1516 1396 AEneid.
1533 1365 1696 1396 vu.‘Pa-

1006 1416 1086 1447 tulis
1115 1426 1177 1447 nec
1200 1424 1343 1457 parcere
1371 1413 1533 1456 quadris?
1557 1413 1700 1446 Temni.

1005 1465 1161 1496 Findetur
1174 1473 1297 1496 munere
1310 1462 1444 1503 quadra]
1465 1463 1699 1495 Communice·

1004 1518 1060 1545 tur
1067 1515 1156 1546 inter
1166 1523 1225 1545 nos
1234 1512 1415 1555 quadra,id
1425 1514 1612 1553 est,quarta
1621 1521 1697 1552 pars

1005 1564 1118 1604 panis,
1129 1573 1270 1595 munere
1282 1562 1404 1604 diviso,
1417 1561 1451 1593 id
1466 1566 1532 1597 est,
1544 1561 1632 1603 quod
1647 1560 1698 1593 di-

1005 1613 1168 1644 visionem
1183 1611 1346 1644 admittit.
1561 1635 1563 1637 .

1047 1664 1088 1693 51
1117 1663 1162 1693 Et
1185 1663 1270 1693 ήκω
1298 1659 1410 1699 multo]
1445 1659 1532 1691 Cum
1561 1659 1698 1691 caeteris

1004 1712 1135 1744 avibus.

1046 1765 1088 1794 52
1103 1760 1337 1801 Brundusium]
1360 1759 1536 1802 Oppidum
1549 1760 1582 1791 in
1598 1759 1697 1791 Cala-

1005 1811 1092 1843 bria.
1139 1811 1246 1842 Comes
1261 1809 1332 1848 aut]
1355 1810 1475 1841 Comes
1500 1809 1534 1840 in
1561 1809 1698 1840 itinere.

1006 1861 1192 1892 Surrentum
1211 1861 1323 1891 ductu«
1335 1857 1501 1898 amenum]
1523 1856 1698 1899 Oppidum

1005 1909 1039 1939 in
1056 1909 1253 1947 Campania.

1047 1960 1088 1989 53
1105 1957 1266 1997 salebras]
1290 1956 1383 1987 Vitae
1400 1955 1632 1996 asperitatem.

1046 2008 1088 2037 54
1098 2004 1259 2036 Subducta
1265 2004 1469 2045 viaticasscfl
1480 2004 1616 2036 Viatica
1627 2003 1698 2036 fur-

1005 2055 1063 2087 tim
1079 2054 1204 2086 ablata.

1046 2108 1086 2136 55
1104 2105 1191 2135 Nota
1209 2104 1305 2142 refert
1323 2102 1509 2143 meretricie]
1534 2103 1696 2135 Imitatur

1003 2155 1146 2187 astutias
1159 2154 1359 2186 meretricis.
1383 2154 1551 2195 entellum]
1567 2153 1610 2185 Id
1619 2153 1695 2186 fere

1005 2214 1064 2246 pro
1086 2204 1244 2236 catenula
1267 2203 1538 2244 interpretantur
1558 2203 1694 2235 Lambi-

1002 2262 1064 2284 nus
1080 2257 1116 2284 et
1130 2253 1196 2284 alii.
1240 2252 1314 2294 Ego
1329 2253 1371 2283 ad
1386 2253 1527 2284 catellam
1545 2252 1694 2294 aliquam

1002 2311 1078 2343 quae
1094 2301 1128 2333 in
1144 2301 1274 2333 deliciis
1294 2301 1350 2341 sit,
1364 2301 1478 2342 quales
1497 2301 1577 2333 olim
1592 2301 1694 2332 Meli·

1002 2356 1094 2391 taeae‚
1123 2350 1304 2392 proverbio
1340 2350 1533 2390 celebratae,
1563 2350 1693 2381 referre

1001 2401 1136 2433 malim:
1159 2400 1318 2442 frequens
1334 2400 1422 2431 enim
1441 2400 1475 2430 in
1497 2399 1692 2432 auctoribus

1001 2451 1141 2490 mentio,
1155 2453 1282 2492 quanta
1301 2458 1383 2481 cura
1407 2448 1612 2480 mulierculae
1635 2457 1693 2481 ca-

1002 2500 1097 2531 tellas
1112 2499 1242 2531 nutrire
1257 2503 1292 2531 et
1308 2498 1408 2530 anxie
1423 2496 1602 2529 admodum
1620 2506 1692 2529 ser-

1002 2559 1080 2581 vare
1110 2549 1364 2581 consueverint.
1417 2548 1555 2580 Catella·
1585 2548 1691 2589 igitur

999 2599 1181 2638 πολύσημον
1202 2603 1274 2637 est;
1297 2607 1372 2629 nam
1396 2601 1522 2638 praeter
1546 2591 1692 2629 commu-

1000 2657 1076 2679 nem
1099 2648 1269 2679 notionem
1292 2646 1395 2679 etiam
1421 2646 1543 2678 vinculi
1557 2655 1692 2687 genus,

1000 2701 1050 2735 et,
1063 2696 1154 2738 quod
1170 2695 1269 2727 modo
1284 2695 1368 2736 dixi,
1381 2698 1613 2727 ornamentum
1626 2694 1690 2734 sig-

1000 2744 1127 2778 nificat.
1163 2745 1332 2778 Omittere
1347 2745 1450 2777 etiam
1466 2754 1532 2777 non
1546 2752 1689 2786 possum,
