1858 3184
249 210 267 251 Ἰ
276 210 360 252 832

249 323 292 345 ne
306 313 430 346 fiducia
441 314 576 355 majoris
588 314 700 354 amici,
715 324 814 356 quem
828 314 941 346 obser·

248 363 392 395 vandum
418 364 589 403 sumserit,
604 363 631 394 si
655 363 739 395 vitio
761 364 873 404 aliquo
895 364 942 394 la·

248 413 370 445 horare
385 423 460 445 eum
477 413 704 455 perspexerit,
717 414 792 454 ipse
809 422 942 454 quoque

245 462 384 494 liberius
400 469 535 503 peccet.
581 463 717 494 Divites
733 463 820 494 euim
837 473 942 504 quan-

247 516 284 544 to
300 513 375 553 plus
389 513 530 553 possint,
546 516 643 544 tanto
666 514 742 553 plus
757 513 822 545 sibi
838 514 941 545 licere

245 563 324 594 rati.
348 563 490 594 Torrent.
537 563 637 599 Quem
658 564 804 596 damnosa
822 563 940 604 Venus]

247 610 344 643 Ordo
359 617 413 643 est
426 622 434 641 ε
460 610 567 642 Dives
582 612 709 644 amicus
722 614 828 644 multo
845 613 940 644 vitio-

246 661 315 692 sior
343 671 442 702 quam
466 662 595 693 amicus
619 663 736 704 minor,
762 663 834 695 odit
863 674 939 695 eum

246 720 346 751 quem
370 711 531 742 damnosa
556 712 677 753 libido,
705 715 770 744 διε.
796 714 941 753 Ρνιεοφε

242 760 325 801 alea]
350 760 439 793 Quia
459 761 514 792 vel
538 766 709 794 momento
728 762 940 804 depauperet

243 810 402 841 lusorem.
417 811 514 851 Cruq.
559 811 685 852 Nudat]
701 813 939 853 Depanperat.

285 861 327 890 22
349 859 451 901 Supra
464 860 561 901 vires]
583 861 692 902 Supra
720 872 819 903 quam
834 861 939 894 facul-

241 912 331 940 tates
360 908 488 942 ferunt.
538 911 641 943 Vestit
663 915 698 943 ut
727 912 834 953 ungit]
861 913 938 944 Non

243 963 313 990 tam
325 959 367 991 ad
380 965 554 1000 unguenta
564 961 628 992 hoc
641 962 825 997 retulerim,
839 972 938 1004 quam

241 1008 283 1040 ad
301 1019 469 1042 coensrum
482 1011 630 1042 lautitias
645 1022 654 1043 ε
678 1017 715 1043 ut
726 1012 834 1052 Epist.
851 1022 938 1053 prae-

240 1059 386 1092 cedente
408 1072 417 1092 :
442 1065 451 1078 ‘
468 1060 626 1093 Accedes
651 1061 764 1093 siccus
788 1061 831 1093 ad
859 1072 939 1093 unc-

241 1109 337 1141 tum.’
389 1111 531 1142 Torreat.
580 1111 696 1151 Ungit]

241 1161 481 1201 sumptuosior.

281 1212 323 1241 24
345 1210 444 1245 Quem
448 1212 643 1251 paupertatis
647 1212 764 1253 pudor]
789 1212 855 1245 Qui
868 1222 938 1244 om-

240 1267 284 1289 ne
315 1258 461 1290 officium
498 1264 640 1299 praestat
669 1261 777 1300 diviti,
807 1262 937 1302 pudore

239 1308 465 1348 paupertatis,
481 1312 517 1339 ut
534 1318 607 1339 eam
624 1308 746 1350 fugiat.

282 1360 323 1388 25
346 1358 464 1389 Decem
478 1357 582 1398 vitiis]
605 1360 725 1391 Multis
745 1360 846 1392 vitiis.
881 1361 936 1392 In-

238 1409 403 1450 structior]
429 1410 575 1442 Perinde
588 1421 627 1443 ac
637 1412 665 1443 si
678 1411 818 1445 fundum
832 1414 937 1455 probe

238 1461 444 1493 instructum
467 1461 571 1498 dicat,
588 1463 637 1495 ita
663 1463 832 1496 hominein
846 1466 936 1497 vitiis

238 1510 404 1543 refertum
421 1511 599 1545 describit.
624 1514 766 1546 Torreat.

280 1563 324 1593 26
347 1562 460 1603 Regit]
484 1563 559 1594 Nec
572 1563 691 1595 mirum
708 1565 764 1606 qui
779 1565 864 1605 regis
879 1575 936 1598 uo-

237 1612 329 1643 mine
356 1613 573 1652 appelletur:
597 1622 666 1654 quo
682 1614 846 1647 vocabulo
870 1616 937 1648 Ro-

237 1661 328 1692 mani
341 1661 433 1692 varie
446 1662 496 1693 usi
508 1667 596 1698 sunt,
610 1667 647 1695 ut
658 1664 693 1695 in
705 1664 791 1696 Odis
808 1676 817 1696 ε
840 1666 850 1683 ‘
864 1667 938 1697 Me-

237 1718 311 1740 mor
341 1708 440 1741 Actae
467 1719 533 1741 non
560 1712 627 1743 alio
656 1722 737 1754 rege
767 1715 937 1755 puerum)

237 1759 380 1790 Tor-rent.
428 1759 543 1800 Regin]
577 1761 793 1803 Medon-atur,
823 1773 938 1804 repre-

236 1809 354 1839 hendit
370 1818 411 1840 ac
429 1809 500 1840 vult
515 1811 708 1843 emendare.

279 1861 321 1889 27
353 1858 530 1890 Virtutibus
565 1869 628 1890 esse
665 1862 825 1901 priorem}
854 1863 938 1894 Vult

235 1913 475 1947 paupertatem
530 1909 656 1940 virtute
712 1912 938 1951 compensari,

236 1956 516 1997 quemadmodum
546 1957 630 1989 «licit
661 1964 788 1998 postea,
825 1960 936 1991 stulti-

237 2006 318 2037 tiam
333 2006 550 2046 compensari
566 2007 702 2048 opibus,
718 2009 766 2040 ita
781 2014 819 2040 nt
834 2020 934 2050 opum

234 2056 359 2097 gratia,
380 2056 527 2087 stultitia
550 2058 651 2098 vulgo
674 2058 843 2090 habeatur
872 2070 934 2100 pro

234 2106 414 2147 sapientia.
438 2106 534 2146 Gruq.
583 2107 728 2139 Priorem
754 2110 837 2150 vult]
862 2110 933 2141 Me·

233 2155 351 2187 liorem
369 2165 444 2187 esse
461 2165 559 2198 quam
577 2165 626 2188 se.

277 2207 319 2237 28
344 2206 446 2246 Prope
469 2215 555 2244 uffa,
578 2205 650 2247 ξω]
674 2206 772 2238 Veris
798 2208 933 2249 propin-

236 2265 314 2296 qua.
350 2255 435 2287 Meae
457 2255 654 2297 (contendere
668 2255 765 2298 noli)]
796 2259 934 2290 Conten-

235 2306 307 2336 dere
330 2305 406 2346 noli,
429 2305 591 2336 inclusum
622 2307 828 2347 parenthesi,
855 2317 934 2339 con-

235 2355 383 2386 tentiose
398 2364 499 2394 agere
511 2365 550 2388 ac
559 2355 693 2397 jurgari
708 2366 783 2388 cum
800 2358 933 2398 potenti

235 2404 343 2436 amico
355 2404 534 2446 siguificat.
564 2406 747 2438 Sententia
762 2407 851 2438 enim
868 2411 932 2443 est,

235 2454 386 2494 divitem,
409 2455 435 2485 si
461 2455 535 2495 plus
557 2454 648 2488 forte
673 2456 849 2497 sapientiae
873 2462 932 2488 ant

234 2503 369 2535 virtutis
400 2504 522 2536 minori
561 2505 671 2537 inesse
704 2504 868 2544 fateatur,
897 2507 931 2538 id

234 2552 479 2594 perfunctorie,
510 2560 556 2592 et,
590 2555 680 2596 quod
710 2556 817 2595 siunt,
847 2557 930 2589 dicis

235 2612 369 2641 caussa,
385 2607 422 2634 ut
438 2604 480 2634 de
495 2604 572 2636 filiis
594 2605 790 2638 matercula
806 2606 931 2648 solent,

754 1111 938 1153 Unguento

235 2653 373 2686 facere:
397 2664 461 2686 uon
478 2656 566 2696 quod
593 2657 669 2689 ideo
692 2659 821 2690 moneri
836 2668 873 2690 se
887 2658 932 2691 de

234 2703 336 2745 vitiis,
348 2713 423 2745 quae
448 2705 482 2736 in
499 2706 628 2746 maguis
649 2707 769 2749 opibus
784 2709 932 2742 toleran-

708 221 850 251 NOTAE
884 220 1148 251 VARtoRUM
1181 220 1234 251 ΙΝ

992 314 1044 345 dae
1065 314 1145 353 siut,
1167 313 1330 354 patiatur.
1365 312 1558 346 Juvenalis:
1581 314 1684 347 ‘Plu-

992 363 1077 394 rima
1099 368 1178 394 sunt
1193 372 1268 404 quae
1291 362 1370 394 Nou
1391 362 1516 394 audent
1535 362 1684 395 homines

993 418 1132 454 pertusa
1144 413 1260 444 dicere
1271 404 1383 444 litua?
1402 412 1545 443 Torrent-

1034 464 1078 494 29
1101 463 1185 503 Opes
1196 461 1365 493 stultitiam
1373 460 1553 502 potinum]
1589 461 1686 502 Opes

992 512 1112 553 quibus
1145 511 1325 543 stultitiam
1355 520 1464 543 meam
1491 519 1690 552 compenses
1721 552 1727 558 θ
1760 505 1763 509 ’

991 562 1126 604 quando
1141 563 1247 594 stulte
1264 572 1341 603 ago.

1034 615 1075 644 30
1097 613 1198 644 Art-*ta
1219 614 1305 644 decet
1318 622 1427 644 sanum
1441 612 1582 644 comitem
1594 611 1686 652 toga]

993 663 1071 695 Non
1087 663 1201 703 ampla
1223 667 1303 703 toga
1324 662 1428 694 decet
1447 663 1607 694 comitem
1621 661 1688 693 iter

990 712 1188 752 facientem,
1225 718 1278 744 est
1314 713 1405 743 enim
1434 713 1599 743 molesta:
1636 712 1685 743 sie

990 763 1107 795 multae
1125 772 1207 804 opes
1231 763 1303 794 viro
1330 763 1420 794 bono
1441 766 1521 794 sunt
1543 761 1686 802 impedi·

991 818 1117 846 menta.

1033 867 1073 896 31
1100 863 1302 905 Eutrapelus]
1346 863 1522 895 Hactenus
1558 861 1655 893 dives
1673 872 1683 892 ε

990 924 1080 946 nunc
1094 915 1206 947 Poe'ta
1226 914 1391 957 loquitur,
1409 912 1596 953 Eutrapelo
1610 921 1688 943 anc-

992 969 1067 996 tore
1091 964 1217 996 docens
1244 973 1309 996 non
1339 963 1439 995 modo
1465 972 1582 995 verum
1607 971 1683 993 esse

990 1015 1073 1046 illud
1115 1015 1257 1054 dictum,
1300 1013 1481 1046 stultitiam
1518 1012 1685 1054 pastun?

989 1074 1084 1105 opes‚·
1108 1065 1168 1096 sed
1198 1074 1265 1096 una
1287 1073 1423 1106 semper
1444 1063 1620 1103 incedere,
1643 1072 1684 1094 ac

990 1114 1134 1156 quodam
1143 1114 1244 1146 modo
1253 1112 1438 1154 cohaerere,
1449 1111 1632 1144 stultitiam
1644 1121 1686 1144 ae

990 1163 1140 1195 divitias.
1184 1164 1311 1195 Pulcre
1339 1163 1429 1194 enim
1452 1162 1620 1204 Isocrates
1649 1161 1684 1192 in

992 1213 1258 1255 Areopagitico:
1295 1211 1504 1245 :nn-rhama
1533 1209 1585 1242 nal
1611 1221 1685 1242 συν·

989 1266 1152 1295 ακολουθεῖ
1163 1265 1231 1295 τοῖς
1251 1262 1413 1295 πλουσίοις
1424 1261 1475 1294 καὶ
1491 1263 1559 1294 τοῖς
1570 1259 1684 1292 δυνάσ-

987 1325 1055 1345 ταις
1077 1313 1176 1347 ἄνοια,
1194 1312 1246 1344 καὶ
1267 1311 1348 1351 μετὰ
1358 1310 1475 1348 ταύτης
1496 1309 1680 1341 excamia-

989 1363 1078 1404 quod
1108 1365 1157 1395 ita
1182 1372 1256 1394 esse
1279 1366 1317 1393 ut
1341 1362 1454 1402 reipsa
1480 1365 1684 1392 monstraret

989 1412 1207 1453 Eutrapelus,
1229 1412 1408 1452 cuicwnque
1434 1419 1541 1442 nocere
1565 1410 1685 1442 volebat

994 1462 1185 1494 Vestimenta
1198 1462 1304 1493 dabat.
1348 1461 1390 1492 Id
1407 1465 1518 1492 autem
1535 1460 1684 1502 quodam

988 1511 1147 1553 loquendi
1169 1520 1293 1551 genere
1314 1511 1443 1542 dictum
1461 1510 1606 1551 accipio,
1626 1510 1682 1541 da-

989 1561 1041 1592 bat
1057 1571 1118 1602 pro
1133 1561 1206 1592 dari
1229 1561 1379 1601 volebat,
1400 1565 1459 1592 anit
1481 1559 1596 1592 danda
1609 1569 1685 1592 seu·

989 1612 1108 1643 tiebat.
1151 1611 1240 1643 Vide
1264 1612 1387 1643 Frauc.
1412 1610 1540 1642 Luisini
1559 1610 1683 1642 Parer-

988 1670 1055 1701 gon
1085 1670 1126 1692 ιι.
1148 1664 1182 1693 6.
1205 1662 1349 1692 Tor-rent.
1404 1660 1594 1700 Eutrapelus
1616 1661 1683 1690 cai-

985 1711 1128 1752 cumque]
1163 1710 1276 1742 Homo
1290 1709 1424 1742 facetus
1439 1715 1476 1742 et
1492 1709 1578 1741 adeo
1592 1710 1684 1741 calli-

987 1761 1062 1796 dus,
1085 1765 1124 1792 ut
1139 1761 1244 1792 sciret
1259 1761 1441 1792 stultorum
1459 1759 1587 1791 animos
1605 1769 1682 1791 cnm
1709 1783 1721 1794 χ

987 1809 1104 1841 habitu
1121 1814 1268 1841 mutare.
1526 1831 1528 1833 >

1029 1861 1071 1889 32
1094 1859 1216 1890 Beatus
1237 1858 1319 1890 enim
1337 1857 1425 1899 jam]
1449 1858 1557 1890 Dives
1570 1857 1682 1890 factus

984 1907 1122 1939 fortuna
1135 1919 1195 1939 sua
1206 1910 1279 1949 jam
1296 1914 1439 1941 mutata.

1027 1961 1069 1989 33
1097 1959 1139 1989 Et
1152 1959 1235 1999 spes]
1262 1959 1306 1989 Et
1321 1959 1460 1990 meliora
1471 1959 1637 1999 sperabit.

1027 2010 1066 2039 35
1092 2008 1243 2039 Nummos
1270 2008 1399 2049 alienos]
1427 2008 1592 2041 Nummos
1618 2008 1681 2041 foe-

984 2067 1065 2089 nore
1082 2057 1232 2098 augebit.
1264 2058 1317 2089 Ad
1330 2058 1441 2099 imum]
1464 2059 1659 2092 Postremo.

1025 2110 1067 2139 36
1092 2108 1201 2139 Thrax
1216 2108 1294 2149 erit]
1331 2108 1417 2139 Trux
1437 2113 1495 2139 aut
1519 2109 1603 2141 Trex
1622 2110 1680 2142 ha-

983 2157 1066 2189 bent
1081 2162 1216 2189 vetusta
1238 2158 1457 2198 exemplaria,
1476 2168 1585 2200 neque
1609 2164 1679 2192 tam

982 2205 1026 2237 de
1059 2206 1248 2247 gladiatore
1285 2213 1467 2240 armaturae
1502 2209 1680 2252 Thracum,

983 2266 1082 2298 quam
1107 2256 1150 2288 de
1176 2258 1301 2299 aliquo,
1322 2259 1379 2300 qui
1395 2258 1437 2289 ad
1453 2258 1581 2290 caedem
1596 2259 1680 2291 faciss

981 2308 1102 2340 endam
1121 2310 1255 2341 immani
1267 2311 1431 2343 Thracum
1446 2320 1536 2342 more
1551 2311 1677 2343 condu-

981 2359 1013 2390 ci
1029 2359 1187 2391 mercede
1212 2370 1284 2392 sese
1309 2365 1500 2401 pateretur,
1522 2361 1612 2393 hunc
1627 2362 1677 2393 lo-

981 2418 1058 2439 cum
1074 2408 1242 2450 intelligo.
1287 2409 1381 2442 Gens
1396 2411 1487 2442 enim
1504 2411 1564 2442 illa
1584 2415 1676 2443 cete-

980 2459 1024 2490 ris
1040 2469 1176 2500 semper
1195 2458 1349 2492 omuibus
1375 2461 1597 2493 truculentior
1620 2461 1678 2493 lta-

981 2509 1063 2548 bita,
1083 2514 1120 2540 nt
1141 2510 1250 2550 Epod.
1266 2519 1301 2541 v.
1324 2515 1332 2527 ‘
1351 2510 1461 2543 Quale
1483 2515 1601 2552 posset
1616 2511 1678 2542 im·

980 2559 1037 2599 pia
1061 2559 1197 2590 Moliire
1212 2560 1381 2592 'l'liracum
1398 2559 1564 2601 pectora.’
1585 2561 1677 2592 Torr-

979 2608 1085 2639 Thrax
1107 2609 1184 2649 erit]
1208 2608 1386 2641 Efficiatur
1411 2609 1593 2651 gladiator,
1619 2619 1674 2640 ur-

976 2664 1078 2701 gente
1106 2670 1216 2691 rerum
1243 2661 1368 2703 inopia·
1411 2660 1497 2700 Aget
1521 2659 1674 2701 mercede]

977 2710 1226 2743 circumducet.
