1858 3184
218 204 330 247 1918

257 310 320 342 404
335 307 380 339 Et
390 306 463 338 vitoe
478 307 651 337 monstratu
664 304 717 336 via
731 303 793 343 est]
808 303 910 334 Ratio

215 357 351 390 vivendi
368 367 388 388 a
404 356 520 387 Poetis
542 355 716 386 indicata:
741 353 841 394 quale
858 356 911 383 est

672 211 814 242 NOTAE
849 209 1113 241 VARIORUM
1149 207 1201 239 IN

963 306 1038 334 arte
1055 311 1122 334 non
1138 299 1341 342 expolitum.
1367 297 1580 341 Alien'toedc]
1594 300 1654 332 Sic

962 357 1085 384 natura
1099 356 1136 383 et
1156 350 1313 383 doctriua
1332 349 1461 381 mutuis
1481 357 1518 380 se
1538 350 1656 390 opibus

217 417 355 440 carmen
390 404 608 446 Empedoclis
651 403 848 444 Physicum,
878 406 914 433 et
957 403 1094 444 juvant.

218 457 369 491 Lucretii
385 457 428 488 de
442 457 567 487 Rerum
583 455 714 486 Natura
729 452 861 494 poema,
873 462 913 483 ac

218 506 426 547 Theognidis
450 505 607 536 Mon-alia.
631 503 740 535 Numi.
778 502 911 542 Gratia]

218 557 382 590 Amicitia
409 564 528 596 regum
550 553 753 586 carminibus
776 561 913 593 compa-

219 612 295 639 rata
308 609 372 638 est.

261 659 323 688 405
361 654 484 687 Pieriis
522 654 659 695 tentata]
698 652 914 686 Carminibus

218 707 408 743 Musarum,
424 715 499 747 quae
515 704 671 737 Pierides
686 704 915 746 appellantur.

219 756 384 796 Luduaque
409 754 565 796 repertus]
585 754 693 786 Seriis
719 754 848 786 relictis
874 753 916 784 ad

219 806 319 838 ludos
336 810 488 842 ventum,
511 810 661 846 repertae
678 803 804 836 fabulas
821 813 918 844 spec-

223 857 343 888 taculis
369 855 585 887 exbibendae.
602 855 760 888 Nunnius.
795 853 919 894 Ludus]

222 908 420 941 Oblectatio
445 908 644 946 animorum,
668 916 716 938 sc·
732 904 920 938 Comoediae

222 963 258 990 et
270 958 472 999 Tragoediae.

265 1011 330 1040 406
346 1009 393 1039 Et
407 1006 584 1047 longorum]
612 1008 656 1039 Et
673 1006 804 1047 requies
820 1004 921 1036 animi

223 1062 301 1099 post
313 1058 430 1098 longos
441 1057 588 1088 labores.
611 1056 750 1086 Animos
759 1054 848 1086 enim
859 1052 922 1084 fes-

222 1117 279 1138 sos
295 1115 411 1138 versus
426 1110 462 1137 et
478 1106 551 1146 lyra
567 1105 734 1135 relaxant.
779 1104 830 1134 Ne
835 1103 924 1141 sorte

221 1156 352 1197 pudori]
370 1155 470 1196 Haec,
486 1154 607 1196 inquit,
623 1163 664 1185 eo
680 1152 850 1192 recensui,
873 1155 924 1192 ut,

225 1215 325 1247 quam
341 1205 420 1237 olim
436 1214 490 1236 res
506 1203 628 1236 arduas
645 1202 783 1244 poetica
798 1206 925 1233 tracta-

225 1256 327 1294 verit,
337 1265 535 1296 cognoscas,
546 1259 582 1286 et
596 1263 638 1284 ne
648 1254 766 1284 Musas
774 1256 926 1283 contem-

225 1314 301 1344 nas,
312 1308 415 1345 atque
433 1305 468 1335 in
479 1303 663 1335 Poetarum
673 1301 794 1333 referri
811 1310 926 1332 nume-

227 1363 302 1385 rum
318 1353 514 1385 erubescaS.
530 1352 690 1384 Nunnius.
713 1352 766 1383 Ne
772 1350 861 1390 forte
869 1360 926 1390 pu-

227 1403 315 1445 dori]
339 1403 426 1435 Haec
442 1402 527 1444 dixi,
541 1412 561 1434 ο
580 1403 672 1443 Piso,
687 1411 730 1433 ne
747 1405 781 1433 te
798 1400 927 1442 pudeat

230 1452 373 1485 Poetam
390 1462 477 1484 esse.

271 1506 335 1535 407
351 1501 471 1542 solers]
489 1502 620 1535 Perita.
656 1502 784 1543 Apollo]
804 1500 928 1541 Apollo

229 1553 389 1585 inventor
404 1553 556 1592 citharae,
570 1552 628 1593 qui
644 1552 752 1584 Musis
769 1555 908 1592 praeest.

273 1605 337 1634 408
353 1602 597 1644 Naturufieret,
617 1602 685 1642 850]
707 1602 850 1632 Tractat
874 1600 930 1631 hic

232 1652 457 1694 quaestionem
490 1652 532 1682 de
564 1644 674 1683 causis
703 1650 931 1682 efficientibus

232 1701 395 1734 Poeseos.
450 1702 496 1733 Et
530 1701 676 1742 primum
709 1701 933 1742 quaestionem

231 1751 396 1793 proponit
410 1759 472 1792 per
487 1751 737 1791 oppositionem
753 1758 933 1782 causarum

234 1801 390 1842 duarum,
434 1806 564 1833 naturae
604 1801 736 1832 scilieet
773 1804 809 1831 et
840 1799 933 1830 artis.

235 1851 376 1884 Deinde
399 1852 585 1892 respondet
607 1852 691 1883 duas
715 1852 790 1882 illas
817 1859 935 1881 causas

234 1911 304 1934 non
320 1911 395 1932 esse
410 1903 628 1942 separandas,
653 1903 713 1933 sed
729 1902 936 1941 conjungen-

237 1951 309 1983 das.
353 1951 436 1982 Tum
453 1952 540 1982 hanc
557 1952 760 1983 sententiam
787 1951 935 1981 illustrat

238 2010 258 2032 a
274 2001 460 2041 contrario,
488 2001 649 2033 videlicet
675 2000 936 2042 reprehensione

238 2051 398 2092 ignaviae,
421 2051 634 2091 petulantiae,
658 2056 760 2092 atque
785 2050 938 2081 ambitio·

239 2101 306 2143 nis,
321 2105 358 2132 et
373 2100 519 2141 denique
545 2099 765 2140 impudentiae
791 2109 938 2141 quorun·

240 2151 318 2182 dam
335 2150 517 2182 Poetarum
530 2151 581 2181 sui
595 2151 769 2191 temporis.
788 2150 940 2181 Piscator.

243 2203 372 2233 Natura
388 2200 487 2243 fieret
525 2200 689 2236 laudabile,
731 2200 802 2240 fisa]
835 2199 940 2230 Multi

243 2251 414 2284 affirmant
439 2261 540 2292 posse
566 2251 638 2282 solo
665 2250 802 2291 iugenio
825 2258 941 2290 quem-

245 2312 345 2344 quam
361 2301 509 2333 Poetam
530 2302 674 2333 evadere
691 2312 699 2333 :
723 2300 781 2332 alii
797 2300 877 2331 nibil
894 2300 943 2330 in-

246 2353 359 2393 genio,
386 2351 498 2383 omnia
520 2351 728 2382 institutioni
751 2354 854 2390 atque
878 2348 943 2379 arti

247 2401 412 2433 tribuunt.
457 2399 620 2431 Horatius
637 2400 781 2432 alterum
804 2399 876 2430 sine
898 2398 944 2428 al-

249 2456 325 2482 tero
341 2450 461 2483 inutile
487 2459 527 2482 ac
549 2459 704 2482 mancum
726 2459 802 2482 esse
826 2448 943 2481 tradit.

251 2501 411 2533 Nunnius.

293 2553 357 2582 409
387 2552 561 2587 Quaesitum
586 2550 649 2592 est]
677 2551 720 2583 In
751 2554 948 2582 controver-

252 2598 335 2630 siam
351 2606 504 2641 vocatur,
519 2606 633 2632 utrum
649 2600 761 2632 Poeta
774 2604 949 2638 nascatur,

253 2658 296 2680 an
310 2648 383 2680 fiat.
406 2650 552 2683 Studium
563 2650 644 2690 sine]
662 2650 728 2683 Ars
741 2651 812 2683 sine
823 2649 948 2682 foecuu-

255 2698 302 2730 do
314 2698 462 2738 ingenio.
716 2710 720 2715 ’

308 2750 373 2779 410
404 2748 494 2779 lee
520 2750 593 2789 quid
617 2750 733 2790 prosit]
772 2750 951 2791 Ingenium

1015 455 1078 484 411
1105 451 1262 490 Conjurat
1281 450 1394 492 amice]
1431 449 1596 483 Ostendit
1623 458 1661 482 u·-

964 506 1121 543 trumque
1136 511 1172 533 se
1190 501 1334 533 invicem
1353 499 1545 542 requirere,
1560 500 1608 532 ita
1625 505 1663 532 nt

964 557 998 584 et
1026 557 1149 583 natura
1179 555 1215 583 et
1241 555 1317 582 arte
1348 549 1492 582 Paetum
1523 549 1662 582 formari
1691 540 1697 546 ⁵

965 601 1146 634 dicendum
1160 601 1216 633 sit.
1232 601 1342 633 Nann.
1381 599 1557 642 Conjurut]
1575 600 1663 632 eon-

965 652 1081 685 sentit.
1655 669 1658 671 Δ

1008 705 1073 734 412
1092 701 1157 737 Qui
1168 702 1270 733 studet
1284 701 1436 742 optatam]
1453 701 1538 732 Cum
1550 709 1613 742 per
1628 709 1665 732 se

967 762 1036 784 non
1052 750 1194 783 sufficiat
1211 750 1394 791 ingenium,
1417 750 1527 782 omnia
1542 750 1666 782 labori-

969 804 1030 836 bus
1056 803 1206 844 petenda
1230 812 1306 834 esse
1331 801 1544 844 pronuntiat,
1573 807 1610 833 et
1632 802 1665 831 in

970 854 1086 895 primis
1099 853 1194 885 annis
1205 851 1392 884 sudandum
1407 862 1417 891 ;
1434 851 1536 893 idque
1553 859 1667 882 exem-

971 905 1036 945 plis
1053 913 1183 942 eorum,
1198 903 1257 945 qui
1277 902 1320 934 ob
1347 911 1506 935 coronam
1530 900 1668 933 floribus

970 959 1178 994 contextam,
1193 963 1271 985 mox
1297 952 1481 985 marcidam
1503 951 1668 990 futuram,

971 1004 1164 1036 innumeros
1180 1004 1334 1036 subeunt
1360 1003 1508 1035 labores.
1567 1002 1671 1033 Cursu

971 1054 1151 1093 contingere
1163 1052 1292 1093 metam]
1306 1052 1475 1093 Loquitur
1490 1051 1535 1084 de
1549 1053 1672 1083 σταδιο-

971 1103 1105 1145 δρόμοις,
1118 1103 1182 1135 hoc
1199 1107 1265 1138 est.
1279 1102 1321 1134 iis
1337 1102 1395 1143 qui
1411 1102 1451 1134 in
1469 1101 1583 1134 stadio
1597 1110 1673 1132 cur-

974 1158 1064 1186 runt.
1088 1155 1196 1186 Locus
1213 1157 1328 1185 autem
1342 1151 1434 1184 unde
1449 1161 1566 1183 cursus
1577 1151 1673 1183 initi-

975 1213 1031 1236 um
1047 1209 1135 1244 erat,
1161 1201 1326 1244 ‘carcer,’
1347 1201 1407 1234 ubi
1421 1200 1512 1242 finis,
1535 1201 1547 1219 ⁴
1561 1200 1674 1232 meta'

977 1256 1101 1286 dictus.
1138 1255 1294 1286 Nunnius.
1341 1253 1444 1285 Cursu
1478 1251 1675 1293 contingere]

976 1306 1110 1337 Labore
1125 1309 1162 1336 et
1177 1313 1281 1345 opere
1296 1303 1339 1334 ad
1364 1302 1466 1334 finem
1493 1301 1674 1343 pervenire

975 1355 1040 1387 sibi
1055 1354 1277 1395 propositum.

1019 1407 1082 1436 413
1107 1405 1212 1435 Multa
1225 1402 1317 1443 tulit]
1338 1402 1430 1434 Mira
1445 1405 1524 1434 sunt
1539 1411 1616 1444 quae
1632 1401 1676 1433 de

977 1454 1181 1486 athletarum
1207 1458 1244 1485 et
1268 1462 1442 1485 cursorum
1464 1451 1675 1484 abstinentia

979 1503 1119 1535 tradunt
1149 1507 1317 1535 auctores.
1360 1502 1556 1543 Antequam
1587 1502 1678 1533 enim

979 1562 1054 1585 sese
1067 1552 1109 1584 ad
1126 1557 1299 1585 certamen
1313 1552 1423 1594 ipsum
1439 1551 1680 1593 accingebant,

979 1602 1132 1644 quotidie
1156 1611 1218 1642 per
1233 1601 1365 1642 aliquot
1378 1609 1513 1633 menses
1529 1600 1563 1632 in
1583 1610 1678 1642 gym-

981 1652 1074 1683 nasio
1090 1650 1350 1692 exercebantur,
1365 1650 1509 1683 verbera
1524 1660 1546 1682 a
1559 1650 1679 1691 magis-

982 1705 1037 1733 tro
1066 1701 1294 1742 accipiebant,
1321 1700 1504 1733 concubitu
1531 1701 1682 1733 abstine·

983 1751 1077 1788 bant,
1091 1751 1185 1783 tenui
1200 1750 1278 1783 cibo
1293 1754 1330 1783 et
1342 1751 1400 1783 vix
1411 1751 1457 1783 ad
1472 1751 1579 1783 vitam
1597 1751 1680 1782 tole-

984 1802 1125 1833 randam
1154 1800 1339 1834 sufficienti
1370 1810 1407 1833 se
1429 1800 1683 1841 sustentabant,

984 1851 1109 1893 frigida
1122 1852 1155 1883 in
1170 1856 1286 1892 potum
1300 1851 1468 1883 dabatur:
1485 1860 1560 1893 quae
1573 1850 1686 1882 omnia

985 1901 1103 1933 Graeci
1134 1911 1218 1933 voce
1255 1899 1492 1941 aua-ympnus
1530 1909 1684 1942 compre·

984 1950 1385 1991 hendunt‚·meminitque
1396 1950 1605 1981 Aristoteles
1616 1950 1684 1980 Po-

987 2002 1137 2032 lit.v111.
1159 2002 1192 2032 3.
1225 1999 1383 2031 Nunnius.
1427 1998 1516 2030 Vide
1544 1996 1581 2030 e‘t
1605 1999 1686 2030 Pet.

986 2052 1119 2083 Victor.
1134 2051 1217 2083 Var.
1231 2051 1327 2083 Leet.
1345 2059 1489 2082 xxxvu.
1505 2052 1560 2083 21.
1583 2049 1687 2090 Puer]

986 2103 1063 2133 Παῖς
1095 2101 1148 2142 ὢν,
1185 2111 1262 2133 cum
1294 2104 1385 2133 esset
1409 2109 1506 2141 puer.
1551 2099 1688 2132 Sudor-it

987 2155 1019 2183 et
1046 2150 1134 2191 alsit]
1169 2151 1327 2183 Calorem
1353 2149 1461 2182 sensit
1490 2153 1527 2182 et
1555 2149 1686 2191 frigora

989 2201 1143 2243 pertulit.

1033 2253 1096 2282 414
1111 2249 1275 2282 Abstinuit
1291 2249 1596 2290 VenereetBaecho]
1609 2249 1687 2285 Hoc

991 2304 1057 2339 est,
1073 2299 1213 2331 libidine
1228 2305 1265 2331 et
1279 2299 1460 2332 ebrietate.
1496 2299 1562 2331 Cui
1577 2299 1688 2331 simile

990 2350 1139 2381 Terentii
1156 2349 1237 2381 illud
1254 2349 1288 2380 in
1306 2349 1481 2389 Eunucho,
1505 2349 1605 2380 ‘Sine
1625 2347 1690 2380 Ce-

993 2410 1067 2431 rere
1091 2404 1128 2431 et
1151 2399 1276 2432 Libero
1298 2398 1404 2441 friget
1425 2397 1565 2431 Venus!
1609 2398 1690 2430 Pet.

993 2450 1126 2482 Victor.
1138 2450 1222 2482 Var.
1233 2450 1330 2482 Lect.
1344 2458 1395 2482 vr.
1407 2451 1439 2481 2.
1459 2449 1568 2481 Nonn-
1595 2448 1691 2489 Vino]

994 2500 1114 2532 Romae
1131 2499 1229 2542 pueri
1246 2500 1325 2532 vino
1351 2499 1584 2532 abstinebant.
1626 2498 1692 2535 Qui

995 2551 1118 2591 Pythia
1133 2549 1256 2591 cantat]
1279 2549 1435 2591 Tibicen,
1454 2549 1624 2582 adbibitus
1647 2548 1691 2580 ad

997 2600 1167 2632 canendas
1181 2600 1298 2632 laudes
1312 2600 1477 2642 Apollinis
1493 2601 1527 2632 in
1547 2599 1694 2643 Pythiis,

997 2650 1032 2681 id
1047 2655 1113 2689 est,
1128 2650 1163 2681 iu
1177 2650 1267 2683 ludis
1279 2650 1462 2683 celebratis
1477 2650 1510 2682 in
1532 2650 1691 2683 bonorem

998 2699 1178 2740 Apollinis,
1198 2701 1254 2743 qui
1280 2701 1473 2742 Pythonem
1499 2703 1690 2742 serpentem

994 2749 1184 2791 occiderat,
1211 2751 1264 2783 hic
1292 2749 1437 2783 Tibicen
1466 2749 1597 2789 didicit,
1626 2750 1690 2779 ἃς.
