1858 3184
427 254 632 287 HORA‘I'II
667 254 1018 292 EPlSTonARUM
1054 256 1147 286 LlB.
1180 255 1211 285 1.
1240 245 1309 287 12.

143 348 252 380 nimus
267 349 469 391 tranquillus
484 349 555 381 sine
571 347 841 390 perturbatione.

145 399 343 432 Enisa-,xm
359 399 417 431 An
426 399 572 431 Iccium.
595 397 687 429 Iccio
697 406 754 429 eas
765 405 841 428 esse

186 447 366 481 facultates
379 447 607 489 dicia-quibus
619 447 647 478 si
663 451 756 478 recte
771 446 840 477 t'ru-

187 504 276 538 atur,
290 507 333 531 ne
347 497 475 539 abipso
489 497 623 540 quidem
636 498 724 531 Jove
740 497 841 529 ditio·

187 557 258 579 rem
271 546 360 580 effici
375 556 495 589 posse:
514 548 665 586 innuens,
673 547 842 587 nimirum,

186 602 319 639 tautum
334 595 422 630 'esse
446 598 587 631 divitem
623 606 842 638 unumquem-

188 655 269 688 que,
287 651 456 688 quantum.
473 646 574 679 rebus
598 647 716 678 utitur.
760 646 842 687 Ejus

188 695 345 736 exemplo
359 695 480 727 mirum
491 696 618 728 debere
630 690 739 728 {videri
753 696 843 737 quod

187 746 232 778 de
248 746 446 779 Democrito
458 752 624 779 narratur.
643 746 844 787 Suadetilli‚

185 804 223 832 ut
261 799 455 841 Grosphum
494 799 530 831 iu
577 797 843 830 familiaritatem

182 860 277 883 suam
301 850 456 892 recipiat.
499 850 576 883 Quo
599 849 633 880 in
656 853 749 881 statu
775 848 844 880 sint

182 910 237 934 res
252 901 428 943 Romanae,
445 901 627 932 certiorem
645 898 740 930 facit.

190 950 265 990 Viri
282 951 392 992 hujus,
412 948 562 992 quisquis
577 950 635 982 ille
651 948 769 988 fuerit,
782 957 842 979 no·

148 1010 226 1033 men
243 1001 336 1033 varie
358 1001 536 1034 scribitur:
560 998 842 1042 quemadmodum

143 1054 179 1082 et
197 1059 222 1082 r.
238 1050 307 1083 Od.
321 1053 376 1082 29.
406 1060 482 1082 narn
508 1049 666 1082 eumdem
688 1058 763 1080 esse
789 1048 842 1079 vel

142 1109 185 1131 ex
200 1109 241 1132 eo
257 1104 407 1140 constat,
423 1099 514 1141 quod
531 1109 607 1131 eum
632 1098 746 1130 studio
770 1098 842 1140 qui-

144 1150 221 1181 dem
251 1150 480 1191 Philosopbiae
502 1149 653 1180 deditum
673 1147 790 1185 fuisse,
808 1151 844 1178 et

143 1199 200 1231 hic
214 1204 252 1231 et
273 1200 345 1232 illic
360 1204 478 1231 narret
500 1198 687 1237 Horatins3
710 1197 768 1228 sed
786 1196 842 1238 qui

144 1249 356 1290 propositum
372 1259 438 1281 non
453 1254 604 1290 urgeret.
646 1248 746 1279 Inter
761 1247 843 1278 alias

142 1298 249 1340 igitur
270 1300 467 1340 scripturas,
494 1307 571 1330 cum
595 1298 697 1329 etiam
730 1297 844 1328 litium

143 1348 345 1389 repererim,
369 1347 507 1389 rejectis
531 1347 655 1378 ceteris
678 1346 758 1377 nihil
781 1346 844 1377 du·

142 1398 216 1430 bito
243 1399 326 1440 quin
350 1398 438 1430 Itius
462 1396 685 1439 appellandus
712 1396 770 1435 sit,
798 1395 843 1427 ob

144 1450 294 1481 veterem
312 1448 351 1480 L.
368 1447 428 1479 Ῑτι
452 1446 640 1482 denarium,
664 1445 753 1478 unde
779 1445 843 1477 Iti-

144 1509 198 1531 am
214 1503 352 1540 gentem
363 1499 549 1531 Romanam
562 1497 668 1530 fuisse
684 1496 843 1529 manifes-

143 1555 216 1582 tum
232 1555 300 1582 est·
326 1549 468 1582 OEbmnt.

186 1603 204 1632 l
230 1600 401 1633 Fructibus
414 1599 571 1640 Agrippae
585 1597 716 1638 Siculis]
739 1598 843 1630 Itium

143 1650 197 1682 M.
213 1649 381 1691 Agrippae
396 1650 430 1681 in
445 1650 563 1681 Sicilia
578 1649 843 1681 Procuratorem

145 1697 254 1731 fuisse
279 1699 398 1731 volunt
426 1699 661 1740 interpretes;
697 1703 734 1730 et
762 1707 844 1730 saue

144 1749 216 1782 tale
242 1749 370 1790 aliquid
396 1748 658 1789 excogitandum
685 1752 753 1787 est,
780 1748 845 1778 nisi

145 1799 222 1839 quis
242 1797 336 1830 forte
367 1803 563 1830 coactorem
590 1806 715 1829 vocare
736 1797 845 1836 malit,

150 1850 213 1877 aut
228 1846 474 1878 conductorem
499 1846 630 1886 potins:
654 1855 731 1877 nam
753 1854 847 1876 man-

148 1896 236 1938 cipis
251 1900 288 1927 et
302 1895 475 1937 publicani
497 1904 620 1926 nomen
642 1894 685 1925 ad
711 1903 767 1925 res
789 1903 848 1933 po-

148 1945 222 1985 puli
250 1943 393 1976 Romani
423 1947 555 1975 tantum
580 1942 743 1983 pertinet.
769 1942 846 1973 Tor-

145 1997 227 2026 rent.
274 1993 364 2029 Qum
385 1991 525 2033 colligis]
540 1993 636 2026 Quos
650 1996 690 2023 nt
705 1995 846 2023 coactor

147 2042 190 2075 ab
205 2041 361 2084 Agrippa
377 2042 583 2074 constitutus
598 2051 640 2073 ex
653 2041 743 2083 agris
754 2039 845 2072 fruc·

148 2093 266 2125 mariis
281 2093 317 2124 in
333 2093 453 2125 Sicilia
466 2093 612 2134 colligis.

178 2146 210 2175 ,'2
233 2142 273 2176 Su·
286 2142 508 2184 reclesruerie]
530 2142 606 2174 Hoc
622 2146 686 2181 est,
700 2141 729 2173 si
750 2151 845 2182 vere,

147 2193 175 2225 si
203 2193 323 2234 large3
358 2202 435 2224 nam
472 2191 717 2224 consideranda
749 2191 844 2223 verbi

148 2242 341 2283 proprietas
356 2246 420 2273 est.
462 2242 546 2273 Plus
567 2242 657 2273 enim
671 2245 725 2274 est
738 2241 749 2259 ⁸
760 2240 845 2272 frui’

148 2299 249 2332 quam
267 2291 277 2307 ‘
290 2290 364 2330 uti,'
386 2294 424 2322 ut
445 2299 488 2322 ex
514 2291 843 2324 sui-inconsultorum

148 2339 285 2381 scriptis
309 2344 425 2371 notum
451 2344 527 2371 est:
564 2341 622 2383 qui
650 2339 846 2372 ‘fructum'

150 2389 193 2432 ab
210 2392 219 2408 ‘
234 2399 293 2421 usu
305 2388 316 2403 '
331 2389 558 2430 distinguunt,
574 2391 844 2432 quandoquidem

149 2438 275 2470 fructui
290 2443 326 2470 et
344 2449 424 2470 usus
441 2440 543 2480 inest,
561 2442 636 2477 usui
660 2451 739 2473 vero
755 2441 845 2474 fruc-

151 2491 208 2518 tus
217 2486 326 2518 deest.
354 2488 401 2520 Et
416 2489 524 2520 ceteri
536 2489 671 2531 quidem
689 2496 846 2523 auctores

151 2535 203 2566 his
218 2535 389 2567 vocabulis
397 2536 470 2568 fere
482 2539 670 2578 promiscue
685 2543 845 2580 utuntur;

151 2584 214 2614 hoc
236 2587 349 2614 tamen
365 2584 440 2616 loco
456 2585 661 2618 admonitum
677 2597 750 2620 esse
764 2590 846 2622 Lec-

152 2637 261 2664 torem
295 2633 458 2673 oportuit,
490 2639 541 2674 ut,
566 2635 656 2677 quod
684 2646 772 2670 nunc
797 2639 847 2671 ait

153 2681 332 2721 Horatius,
354 2679 489 2715 differat
514 2684 557 2716 ab
579 2694 634 2725 eo,
649 2687 738 2728 quod
766 2694 845 2720 mox

153 2732 320 2773 sequitur,
355 2732 395 2764 Si
413 2733 503 2771 sorte
530 2735 564 2766 in
596 2737 706 2769 medio.
765 2739 846 2770 Meo

153 2780 242 2814 enim
252 2780 386 2821 judicio
398 2782 500 2815 totius
512 2783 576 2816 loci
592 2786 763 2819 sententia
775 2792 845 2820 est:

1476 244 1587 287 1807

890 347 925 380 Sl
939 352 1032 380 sorte
1047 348 1126 384 ista,
1141 356 1216 389 quae
1238 346 1404 388 Agrippa
1420 346 1589 380 beneficio

891 398 1041 437 obvenit,
1052 407 1131 429 vere
1147 397 1284 437 frueris,
1298 402 1337 429 ut
1350 396 1516 437 appositis
1533 407 1591 438 pa-

891 449 1041 490 ratisque
1065 448 1132 480 frui
1168 449 1300 487 liceat3
1332 447 1389 479 vix
1426 447 1590 488 majorem

891 498 1023 540 copiam
1053 509 1073 530 a
1099 498 1176 531 Diis
1203 497 1448 530 immortalibus
1470 502 1591 538 optare

891 548 1022 589 possis:
1057 558 1163 590 quare
1186 558 1230 581 ne
1254 548 1372 580 audire
1396 548 1532 590 quidem
1557 553 1591 580 te

892 597 935 630 de
951 604 1155 639 paupertate
1178 604 1442 640 conquerentem
1464 599 1566 631 velim
1583 610 1591 628 :

892 657 1026 690 pauper
1037 648 1126 680 enim
1142 648 1210 679 dici
1229 649 1429 690 nequit,qui
1444 648 1538 680 nulla
1554 658 1590 680 re

892 699 1083 731 necessaria
1116 703 1245 731 careat.
1289 697 1390 731 Quod
1424 699 1452 730 si
1486 699 1591 730 etiam

891 748 989 781 firma
1003 749 1154 790 corporis
1166 748 1368 781 constitutio
1383 748 1592 787 accedat‚ne

893 799 1022 839 Regum
1045 798 1181 841 quidem
1204 798 1334 830 divitiae
1361 797 1511 838 potiores
1532 798 1593 829 ha-

893 848 1014 881 hendae
1034 850 1115 882 siut.
1159 849 1219 881 Sin
1236 857 1317 879 vero
1332 848 1366 879 in
1383 853 1477 880 tauta
1493 849 1592 888 copia

892 899 940 931 ita
955 899 1116 939 abstines,
1133 905 1171 931 ut
1196 899 1268 931 sine
1285 898 1352 930 vini
1379 907 1452 939 usu,
1467 897 1593 937 herbis,

893 955 929 981 et
947 950 1083 991 quidem
1098 950 1149 982 his
1164 959 1300 992 quoque
1314 948 1436 991 quibus
1449 958 1511 990 pro
1530 950 1592 980 ali·

892 1004 1006 1031 mento
1019 1000 1075 1031 vix
1089 1000 1265 1042 quisquam
1279 1000 1397 1036 utitur,
1409 1003 1593 1031 contentus

893 1050 960 1088 sis;
981 1050 1030 1081 sic
1045 1050 1208 1091 deinceps
1235 1060 1370 1091 quoque
1390 1059 1513 1092 perges
1545 1051 1594 1081 vi-

892 1108 985 1140 vere,
1006 1101 1142 1132 tametsi
1168 1105 1260 1132 totus
1283 1109 1404 1131 aureus
1420 1099 1595 1139 efficiaris,

892 1149 963 1180 sive
977 1150 1067 1191 quod
1085 1150 1142 1181 illa
1157 1150 1236 1181 vitae
1260 1150 1442 1181 austeritas
1465 1149 1527 1181 tibi
1544 1150 1594 1181 in-

893 1199 968 1230 dita
990 1205 1043 1231 est
1069 1200 1143 1240 ipsa
1164 1204 1300 1239 natura,
1323 1209 1422 1241 quam
1449 1200 1596 1240 pecunia

893 1259 959 1281 uon
982 1248 1083 1281 facile
1098 1250 1266 1286 immutat.
1289 1249 1360 1280 sive
1375 1248 1467 1290 quod
1485 1249 1532 1280 ita
1549 1258 1593 1279 ex

893 1299 1084 1330 Stoicorum
1106 1298 1289 1339 disciplina
1309 1297 1429 1338 tejam
1455 1306 1594 1339 compa-

893 1350 988 1388 rasti,
1010 1353 1061 1389 ut,
1085 1348 1201 1381 demta
1223 1348 1295 1380 sola
1311 1348 1453 1389 virtute,
1475 1353 1594 1380 cetera

893 1398 1047 1439 negligas
1070 1404 1173 1440 εῑᾳιε
1196 1403 1407 1430 contemnar.
1452 1399 1505 1430 Ex
1522 1400 1594 1441 qni·

893 1449 956 1480 bus
972 1449 1127 1480 omnibus
1141 1447 1289 1480 infertur
1303 1449 1431 1480 nullum
1447 1449 1518 1480 Itio
1541 1458 1594 1480 re-

894 1498 1000 1540 linqui
1034 1499 1184 1540 querelae
1222 1499 1348 1538 locum,
1383 1503 1419 1531 et
1454 1499 1595 1530 habenti

895 1549 985 1591 quod
1012 1550 1095 1582 satis
1120 1555 1187 1589 est,
1215 1555 1251 1581 et
1280 1559 1378 1591 aeque
1408 1548 1593 1591 frugaliter

894 1599 1040 1640 victuro,
1064 1599 1218 1640 quamvis
1249 1600 1354 1631 multa
1383 1600 1481 1640 plura
1506 1609 1595 1631 asse·

894 1653 1029 1689 quatur.
1057 1648 1201 1681 Torreat.
1247 1650 1321 1681 Non
1346 1652 1394 1681 est
1421 1649 1472 1689 at]
1504 1650 1595 1680 Fieri

894 1697 988 1727 nullo
1004 1696 1105 1728 modo
1121 1701 1235 1737 potest
1258 1702 1309 1736 ut,
1324 1700 1388 1728 ὅτε.

938 1749 963 1776 κ
983 1747 1068 1778 Tolle
1082 1746 1237 1787 querelas]
1272 1747 1407 1779 Omitte
1437 1749 1595 1789 querelas

895 1796 1120 1836 paupertatis.

937 1848 958 1876 4
980 1845 1108 1890 Pauper
1128 1845 1211 1877 enim
1231 1855 1292 1877 non
1313 1847 1376 1887 ese]
1399 1847 1596 1887 Pauperta-

894 1900 964 1927 tem
982 1895 1050 1927 dici
1066 1896 1183 1927 volunt
1208 1896 1405 1937 Philosophi
1427 1898 1507 1929 κατὰ
1521 1897 1596 1930 στέ-

893 1955 994 1984 ρησιν,
1008 1944 1079 1975 sive
1091 1954 1149 1985 per
1168 1945 1391 1985 privationem,
1407 1951 1444 1978 ut
1460 1956 1521 1978 nos
1546 1948 1593 1978 lo-

894 1994 1053 2035 quimur:
1088 2003 1155 2025 non
1179 1995 1237 2036 qui
1265 1995 1369 2027 habet
1392 1995 1508 2036 igitur,
1535 1997 1594 2027 sed

894 2044 951 2085 qui
981 2053 1048 2075 non
1079 2044 1194 2082 babet,
1227 2054 1346 2085 pauper
1367 2046 1594 2087 appellandus

894 2098 958 2135 est,
971 2093 1123 2135 quinimo
1145 2094 1295 2135 optimus
1310 2096 1506 2128 divitiarum
1523 2107 1595 2129 mo-

893 2143 956 2175 dus
973 2144 1116 2184 primum
1132 2144 1257 2176 habere
1269 2145 1360 2187 quod
1374 2155 1516 2179 necesse
1529 2153 1594 2186 est,

894 2193 1042 2225 secundo
1057 2194 1146 2235 qnod
1161 2195 1245 2226 satis
1262 2199 1327 2227 est.
1344 2196 1487 2228 Tor-rent.
1534 2197 1596 2228 Cui

893 2251 997 2274 rerum
1008 2243 1145 2283 suppetit
1156 2244 1244 2285 usus]
1261 2245 1323 2277 Cui
1336 2245 1419 2277 nibil
1435 2246 1477 2278 ad
1491 2247 1595 2278 vitam

894 2291 1004 2324 deest.
1438 2300 1443 2305 ’

936 2346 956 2373 ⁵
981 2342 1018 2373 Si
1038 2343 1143 2374 uentri
1163 2342 1253 2385 bene]
1277 2344 1313 2376 Si
1341 2345 1453 2376 cibum
1478 2349 1513 2376 et
1537 2354 1596 2384 po-

895 2396 966 2423 tum
989 2392 1127 2432 habeas,
1153 2394 1182 2424 si
1205 2404 1270 2425 non
1298 2394 1411 2425 desint
1432 2394 1595 2425 stramina

895 2443 1089 2484 dormienti,
1101 2445 1127 2475 si
1148 2445 1236 2476 bene
1253 2446 1296 2476 sit
1313 2444 1466 2485 pedibus,
1483 2449 1521 2476 ut.
1537 2454 1596 2476 ne·

893 2503 960 2534 que
982 2494 1218 2525 calceamenta
1241 2493 1362 2529 desint,
1396 2501 1461 2524 nec
1485 2502 1593 2534 equus

895 2553 964 2585 quo
981 2543 1129 2574 veharis.

937 2597 957 2625 ‘1
980 2595 1021 2624 In
1037 2594 1135 2624 medio
1154 2591 1342 2632 positorum]
1358 2591 1399 2623 In
1412 2593 1523 2625 medio
1534 2604 1593 2634 po-

895 2643 959 2674 sita
982 2642 1143 2673 dicuntur
1168 2641 1315 2673 sortunae
1339 2642 1438 2684 bona,
1469 2645 1592 2686 quibus

896 2691 970 2722 sine
1006 2689 1199 2722 discrimine
1236 2691 1319 2723 licet
1349 2693 1502 2724 omnibns
1528 2695 1592 2725 uti.

899 2741 991 2780 Cruq.
1036 2739 1216 2772 Pomorum
1226 2741 1392 2774 abstemius
1416 2743 1534 2785 herbis]
1555 2745 1592 2775 Si

896 2793 933 2821 tu
958 2788 991 2820 in
1017 2789 1129 2838 medio
1152 2792 1381 2832 appositorum
1404 2792 1592 2825 eduliorum
