1858 3184
216 212 327 256 1800

217 317 440 349 demonstrat.
463 315 607 347 Turrem.

262 371 279 400 1
308 367 403 400 Urbis
429 366 615 408 amatorem]
640 365 708 398 Hic
734 366 848 407 agitur
874 366 918 398 de

219 418 352 452 urbano
368 418 515 458 strepitu
533 421 568 448 et
584 426 721 458 pompa,
735 416 778 448 de
794 417 920 451 saluta·

219 467 382 508 tionibus,
395 466 696 507 assentationibus,
705 471 741 498 et
752 466 920 508 ejusmodi

221 517 344 551 officiis
371 518 550 559 plusquam
573 516 763 553 servilibus,
785 526 860 559 quae
882 522 921 548 ut

217 578 283 603 nec
298 569 445 604 litteras,
467 577 532 599 nec
547 567 704 599 literatos
719 566 856 604 decent,
871 567 922 599 ita

222 621 370 653 Fuscum
387 619 488 651 rebus
511 619 562 651 his
583 618 721 653 urbanis
746 619 821 660 plus
838 620 921 651 satis

219 670 368 702 fortasse
384 668 539 701 deditum
557 669 673 700 studet
690 668 862 701 abducere
879 669 922 701 ad

220 719 310 751 ruris
326 728 422 760 opes,
437 719 500 750 boc
517 722 583 754 est,
605 717 648 749 ad
666 718 768 750 vitam
785 723 922 751 tenuem

221 769 358 812 quidem
373 774 408 802 et
424 767 604 810 frugalem,
619 768 678 804 sed
694 774 826 801 naturae
842 778 923 802 con·

221 819 430 852 venientem.
471 819 569 860 Cruq.
628 819 761 851 Fuscum
788 820 923 861 solvere]

224 869 512 910 Grammaticum,
536 869 571 901 iu
597 869 683 901 urbe
713 879 924 902 commoran-

225 925 307 952 tem.

267 973 288 1002 2
312 970 412 1003 Ruris
433 970 604 1011 amatores]
628 970 712 1003 Nos.

268 1023 288 1052 3
311 1021 365 1054 Aa
391 1020 510 1061 cetera]
550 1022 690 1054 Quanto
715 1019 778 1052 hoc
806 1020 926 1052 melius

226 1080 329 1112 quam
359 1081 436 1103 cum
462 1070 627 1102 Lambino
649 1071 776 1112 legere,
801 1071 929 1103 Pariter

224 1121 338 1152 vetulis
352 1121 491 1161 uotisque
505 1121 664 1157 columbis,
689 1125 749 1152 aut
764 1130 841 1152 cum
856 1121 930 1153 aliis

226 1171 343 1203 «licere
367 1170 488 1202 deesse
513 1170 653 1211 aliquid,
679 1174 718 1201 ut
741 1175 825 1212 puta
850 1175 930 1203 tam·

226 1232 330 1262 quum,
355 1227 415 1254 aut
432 1220 512 1262 quid
529 1221 651 1253 simile.
677 1220 819 1253 Torrent.
865 1222 930 1254 Ge-

229 1272 330 1312 melli]
353 1271 534 1303 Simillimi.

271 1325 292 1353 4
317 1321 484 1352 Frater-nis
509 1320 623 1352 animis
645 1320 791 1360 quicquid
818 1321 930 1361 negat]

228 1371 402 1413 Tanquam
417 1370 553 1411 fratres,
563 1369 652 1401 idem
664 1370 832 1410 nolumus,
842 1371 932 1402 idem

231 1422 396 1453 volumus.

274 1475 293 1502 5
320 1471 460 1513 Notique
471 1469 620 1511 columbi]
635 1470 703 1502 Hic
716 1470 793 1502 vide
803 1475 934 1512 ‚quanto

233 1520 380 1553 artificio
402 1525 543 1553 conatur
564 1520 699 1561 eripere
726 1520 838 1553 Fusco
864 1527 935 1552 stu-

233 1572 326 1604 dium
361 1581 474 1604 rerum
505 1570 725 1611 urbanarum,
761 1580 830 1603 uon
862 1571 935 1603 sine

232 1622 386 1654 avaritiae
399 1626 436 1653 et
444 1620 636 1653 ambitionis
649 1621 842 1663 nota,quod
854 1631 938 1654 vera

234 1682 302 1704 nou
329 1676 464 1704 constet
491 1672 582 1704 iuter
609 1681 667 1703 eos
692 1671 854 1712 amicitia,
881 1671 938 1703 ubi

236 1723 352 1764 aliqua
368 1723 402 1753 in
418 1731 456 1753 re
476 1725 532 1753 est
554 1721 742 1753 animorum
758 1721 938 1754 dissensio.

239 1773 338 1812 Cruq.
362 1771 504 1812 Notique
515 1770 665 1812 calmum]
677 1771 832 1804 Quorum
846 1781 940 1813 mag-

237 1832 300 1855 uus
314 1827 350 1854 et
365 1826 501 1854 mutuus
516 1830 610 1853 amor
630 1825 732 1853 notus
746 1825 812 1853 est.

281 1876 304 1904 6
328 1872 376 1903 Tu
401 1871 525 1911 nidum]
547 1870 679 1902 Urbem
707 1871 850 1902 Romam
880 1880 943 1911 per

239 1927 475 1963 contemptum
496 1921 605 1952 nidum
619 1920 784 1960 nominat,
801 1929 871 1961 prae
887 1930 941 1953 ru-

242 1974 289 2006 ris
302 1970 540 2013 amplitudine.
560 1971 659 2013 Cruq.
698 1971 747 2003 Tu
761 1972 868 2004 nidum
878 1981 943 2004 ser·

241 2022 315 2064 vas]
338 2022 390 2052 Tu
407 2021 524 2052 Romae
540 2029 668 2052 manes.

286 2074 307 2102 7
333 2069 518 2102 circumlita
532 2069 627 2110 saxo]
649 2069 742 2101 Saxa
752 2079 869 2103 musco
885 2071 943 2103 ob-

246 2123 364 2154 ducta.

289 2173 309 2203 8
335 2170 421 2206 Quid
436 2166 567 2210 quavis]
588 2167 682 2201 Quid
698 2168 837 2200 multis?
867 2170 945 2203 Vivo

246 2224 277 2254 et
291 2220 404 2261 regno]
426 2220 514 2251 Tam
531 2218 631 2251 beate
645 2218 737 2260 vivo,
750 2224 789 2251 ut
800 2229 853 2251 me
869 2230 945 2261 reg·

246 2280 329 2303 nare
345 2276 473 2312 putem,
486 2268 585 2301 simul
600 2278 654 2308 ac,
668 2271 731 2300 &a

291 2323 313 2352 9
336 2322 388 2353 Ad
401 2320 509 2353 eoetum
524 2318 662 2361 effertis]
697 2318 806 2353 Ferus
818 2318 948 2351 habent

249 2371 473 2413 manuscripti
489 2370 561 2403 fere
578 2379 714 2403 omues:
731 2370 835 2412 idque
851 2370 949 2403 resti·

250 2422 299 2453 tui
319 2422 434 2461 velim,
449 2425 489 2453 ut
504 2418 637 2454 mollius
649 2420 768 2452 multo.
812 2420 949 2454 anore

250 2473 397 2514 secundo]
419 2471 516 2511 Virg-
539 2470 616 2503 AEu.
642 2479 727 2502 vm.
749 2474 758 2489 ¹
772 2470 865 2511 Ergo
881 2470 949 2502 iter

251 2521 429 2561 inceptum
453 2521 605 2553 celerant
623 2529 759 2553 rumore
776 2520 951 2555 secundo.'

254 2571 301 2602 Et
317 2571 448 2602 Ennius
463 2571 553 2611 apud
573 2571 743 2604 Nouium:
768 2571 778 2589 ‘
791 2571 875 2603 Mox
891 2581 950 2603 au·

252 2619 344 2652 ferte
359 2620 476 2652 domos
494 2622 612 2661 populi
628 2631 761 2655 rumore
776 2622 950 2655 secundo:

255 2671 327 2702 Pro
346 2670 432 2701 laetis
452 2668 638 2712 faustisque
656 2673 952 2715 acclamationibus

255 2730 385 2760 eorum,
411 2720 469 2762 qui
496 2720 640 2761 ludicra,
671 2724 729 2763 qui
757 2724 892 2763 plausus
917 2727 954 2756 et

256 2770 356 2803 amici
381 2770 469 2804 dona
493 2770 637 2804 Quiritis
655 2773 748 2813 (nam
764 2773 837 2805 haee
853 2774 955 2815 signi·

673 221 813 254 No‘rAE
845 221 1110 254 VARIORUM
1144 221 1197 252 m

966 315 1048 348 ficat
1066 313 1248 356 Horatius)
1267 313 1457 356 suspiciunt
1479 317 1584 357 atque
1606 317 1664 348 ad-

967 365 1144 397 mirantur.
1172 364 1313 397 Terreni.
1369 364 1508 397 Rumor-e
1518 367 1664 407 cnudo]

967 415 1080 456 Vulgo
1100 415 1326 456 approbante.

1013 468 1055 497 10
1081 466 1184 506 thue
1196 465 1549 507 sacerdotissugitivun]
1585 464 1669 498 Son-

970 516 1081 547 tentia
1110 515 1196 547 satis
1222 520 1356 556 aperta,
1381 517 1409 548 si
1438 515 1506 549 liba
1530 515 1672 557 urbanis
1722 553 1727 558 ¹

969 564 1115 604 deliciis,
1144 574 1266 606 panem
1295 563 1434 598 rusticae
1459 564 1673 607 simplicitati

970 624 1215 657 comparemus.
1246 615 1329 647 Illas
1345 615 1434 647 enim
1449 624 1486 647 se
1501 614 1673 655 fastidire,

969 665 1056 698 hanc
1082 668 1249 706 appetere
1276 663 1446 705 significat
1462 664 1672 698 -noratiusz

971 719 1010 748 ut
1023 715 1146 748 nutriti
1158 715 1191 747 in
1205 714 1421 747 sacerdotum
1433 714 1587 746 domibus
1602 723 1675 746 ser·

972 765 1003 796 vi
1022 766 1146 808 solent,
1167 776 1244 799 cum
1261 766 1384 798 votivis
1400 766 1465 798 illis
1487 765 1675 806 dulciariis,

971 814 1049 847 Diis
1072 815 1117 847 de
1139 825 1233 848 inore
1250 815 1383 858 positis,
1405 815 1541 848 assiduo
1555 816 1677 855 saturi,

973 875 1097 907 panem
1127 867 1280 905 malunt3
1309 869 1500 908 praesertlm
1531 867 1558 897 si
1586 866 1676 898 mele

971 915 1063 958 frugi
1091 916 1172 953 sint,
1201 922 1237 949 et
1264 917 1297 948 iu
1323 915 1438 958 fugam
1465 916 1598 958 parati:
1627 915 1677 948 sic

974 967 1065 998 enim
1088 967 1151 999 boc
1175 966 1250 999 loco
1273 965 1452 1008 ‘fugitivi’
1474 975 1598 999 nomen
1622 975 1679 998 ae-

976 1017 1078 1058 cipio,
1094 1017 1138 1049 ab
1151 1017 1253 1052 animi
1268 1017 1445 1059 proposito
1456 1017 1569 1058 potius
1577 1026 1678 1058 quam

976 1068 1020 1100 ab
1029 1067 1167 1101 effectu.
1195 1069 1377 1101 Terentius
1386 1067 1572 1100 Eunucbot
1589 1068 1600 1086 ⁶
1613 1067 1680 1100 Exi

974 1117 1080 1158 foras,
1094 1119 1241 1150 sceleste
1254 1129 1265 1157 ;
1279 1123 1316 1150 at
1325 1113 1600 1158 etiami-estius,
1614 1117 1682 1156 En·

979 1167 1088 1209 gitive
1100 1168 1113 1199 ?
1126 1167 1249 1208 prodi?
1291 1168 1370 1201 Jam
1386 1174 1468 1199 vero
1483 1171 1602 1201 notum
1617 1170 1682 1203 est,

979 1218 1085 1251 libum
1103 1218 1157 1250 vel
1173 1228 1193 1250 a
1209 1219 1336 1252 Graeco
1350 1219 1456 1251 verbo
1467 1217 1564 1255 λείβυ
1575 1217 1682 1250 dedu-

980 1269 1025 1308 ci,
1041 1268 1131 1311 quod
1149 1269 1224 1301 Diis
1248 1269 1435 1306 libaretur;
1468 1268 1535 1309 vel,
1559 1272 1597 1300 ut
1610 1268 1684 1310 qui-

981 1319 1058 1351 dam
1075 1320 1206 1356 volunt,
1228 1329 1248 1351 a
1268 1319 1394 1352 Libero
1410 1323 1531 1360 patre3
1557 1318 1600 1350 de
1615 1327 1684 1360 quo

983 1378 1039 1400 ιιι.
1056 1368 1162 1401 Ovid.
1176 1369 1270 1400 Fast.
1285 1370 1296 1387 ⁸
1311 1368 1394 1400 Liba
1411 1369 1491 1400 Deo
1500 1367 1685 1408 fiunt,suc-

981 1418 1032 1450 cis
1055 1418 1134 1460 quia
1157 1418 1314 1454 dulcibus
1337 1418 1426 1450 idem
1443 1418 1597 1460 Gaudet,
1612 1423 1648 1450 et
1664 1428 1687 1450 a

981 1468 1121 1500 Baccho
1133 1469 1234 1502 mella
1246 1475 1382 1510 reperta
1394 1467 1536 1502 ferunt:
1581 1468 1685 1504 Quod

982 1519 1097 1552 obiter
1117 1519 1247 1562 addidi,
1272 1524 1310 1552 ut
1333 1519 1550 1552 sacerdotum
1566 1518 1686 1552 domos

984 1570 1128 1603 liborum
1168 1571 1286 1612 plenas
1317 1570 1420 1603 fuisse
1457 1569 1688 1603 ostenderem.

988 1620 1129 1655 Torreat.
1191 1620 1294 1662 thue
1322 1620 1494 1654 sacerdoti·
1507 1618 1690 1660 fugitivus]

986 1669 1036 1702 Ut
1066 1668 1242 1710 improbus
1265 1669 1456 1703 sacerdotis
1476 1678 1609 1709 servus,
1631 1669 1690 1710 qui

986 1718 1058 1751 liba
1072 1717 1178 1750 edere
1193 1719 1383 1758 consuevit,
1402 1717 1540 1751 taudem
1555 1717 1691 1753 deside-

988 1773 1042 1801 rat
1055 1778 1177 1809 panem
1188 1769 1256 1809 3sic
1269 1778 1350 1811 ego,
1362 1768 1484 1803 urbem
1496 1767 1691 1808 fastidiens,

990 1827 1068 1852 rure
1082 1818 1249 1852 delector.

1035 1871 1074 1900 11
1101 1869 1197 1899 Paene
1216 1868 1307 1909 egeo]
1330 1869 1380 1900 Ut
1406 1874 1539 1901 naturoe
1561 1867 1695 1902 satissa-

990 1917 1090 1957 ciam,
1116 1917 1304 1957 simplicem
1332 1921 1538 1958 tenuemque
1562 1918 1692 1950 victum

991 1977 1068 2000 cum
1084 1975 1214 1999 summo
1229 1966 1299 1998 otio
1315 1971 1351 1998 et
1366 1967 1617 2009 tranquillitate
1633 1967 1695 2000 de·

992 2017 1120 2052 sidero.
1144 2017 1242 2058 (ἶνας.
1276 2016 1456 2059 Placen-eis]
1480 2017 1574 2050 Libi-
1589 2018 1696 2050 sacri-

992 2068 1159 2101 ficiorum.

1038 2121 1078 2150 12
1111 2118 1224 2150 Vivere
1253 2122 1378 2150 καὶαι-ιε
1405 2118 1435 2150 εἰ
1459 2117 1697 2160 convenienter}

995 2168 1221 2201 Convenienter
1241 2172 1365 2201 natum
1387 2168 1491 2202 vium
1509 2169 1610 2209 dixit,
1627 2178 1696 2205 non

995 2219 1165 2261 quomodo
1189 2219 1298 2252 Stoici
1321 2224 1359 2252 et
1384 2219 1596 2258 Academici,
1618 2229 1697 2251 cum

995 2272 1053 2314 (ut
1068 2271 1117 2303 M.
1131 2272 1162 2303 Τ
1166 2272 1235 2303 ullii
1250 2277 1328 2304 utar
1343 2270 1474 2313 verbis)
1489 2275 1498 2290 ⁴
1510 2280 1698 2312 congruen·

998 2327 1052 2353 ter
1077 2326 1210 2353 naturae
1241 2322 1556 2363 convenienterque
1580 2320 1698 2353 vivere

997 2371 1099 2404 finem
1116 2371 1281 2405 bonorum
1292 2381 1367 2404 esse
1383 2371 1590 2403 concludunt
1601 2372 1623 2410 ς’
1638 2369 1699 2402 sed

998 2433 1091 2456 more
1116 2425 1280 2460 Romano,
1305 2428 1345 2455 ut
1361 2423 1463 2464 vulgo
1478 2422 1594 2454 dicere
1611 2422 1699 2454 sole-

998 2483 1085 2513 mus,
1100 2478 1256 2506 natnram
1275 2473 1342 2506 arti
1358 2472 1630 2515 praeferendam:
1655 2472 1699 2504 «le

999 2524 1212 2556 habitatione
1221 2524 1310 2557 enim
1326 2525 1380 2556 bic
1393 2525 1599 2565 agitunquoe
1610 2532 1701 2556 cam·

1002 2584 1046 2615 po
1072 2582 1193 2615 aperto
1217 2579 1255 2606 et
1279 2574 1403 2612 libero,
1429 2579 1468 2606 ut
1491 2573 1571 2606 olim
1597 2581 1702 2607 aureo

1001 2624 1060 2655 illo
1073 2624 1212 2663 saeculo,
1223 2624 1331 2656 multo
1345 2623 1465 2656 melius
1477 2621 1703 2657 commodius.-

1001 2684 1069 2717 que
1091 2674 1172 2714 ruri,
1187 2685 1288 2716 quam
1303 2677 1337 2706 in
1351 2674 1521 2708 conclusis
1533 2667 1704 2714 augustis-

1003 2735 1072 2767 que
1090 2725 1220 2756 urbium
1232 2725 1314 2757 vicis
1330 2725 1531 2759 instituitur.
1557 2725 1703 2757 Tama-t.

1004 2775 1042 2807 Si
1063 2775 1279 2809 convenienter
1305 2773 1441 2817 oportet]
1461 2774 1629 2810 Quoniam
1657 2772 1703 2808 vi·
