1858 3184
286 235 304 275 ]
314 234 399 276 782

283 339 416 371 Plinius
437 347 491 371 ιιι.
507 342 538 371 5.
556 339 731 370 Petrinum
743 348 824 371 vero
840 339 912 380 agri
927 339 979 371 Si-

282 390 441 422 nnessani
468 391 577 421 vicum
595 388 700 421 fuisse
723 389 757 421 in
784 390 979 430 Campaniae

282 440 404 472 finibus
421 440 550 473 volunt.
583 437 735 481 Cumque
751 448 815 470 nec
834 439 978 470 Mintur-

282 492 435 523 nensium
474 500 538 522 nec
572 491 850 522 Sinuessanorum
889 491 978 526 vina,

283 542 347 573 nisi
362 540 450 572 forte
466 541 509 573 ob
526 541 671 581 copiam,
685 539 866 571 laudentur
882 549 892 578 ;
915 539 978 570 liae

285 600 419 632 quoque
443 594 540 630 parte
566 599 632 620 non
663 589 762 620 nimis
782 593 978 619 accuratum

283 648 342 672 aut
357 644 590 681 sumptuosum
613 638 686 670 fore
706 637 898 669 convivium
920 638 978 669 de·

284 695 465 722 monstrat.
510 689 634 721 Libere
659 689 807 727 interim,
831 689 904 729 ipse
929 694 977 720 te-

282 742 393 780 nuior,
422 744 600 781 potentem
629 739 772 770 amicum
802 745 917 770 monet
945 739 978 770 id

283 790 373 831 quod
401 790 568 831 sequitur,
591 793 629 820 ut
653 788 808 820 sitalem
834 787 980 827 fastidit,

282 841 356 880 ipse
371 839 544 871 meliorem
561 847 690 870 coenam
715 837 880 879 praebeat.
904 838 980 869 Tor-

222 927 224 929 ·
281 893 363 921 rent.

324 943 344 970 5
369 939 460 970 Inter
484 936 684 977 Minturnae]
706 938 892 969 Minturnae
920 947 980 978 op-

282 991 399 1031 pidum
415 994 491 1021 erat
506 989 677 1021 Sinuessae
691 988 820 1029 oppido
843 988 980 1029 propin-

306 1050 398 1071 uum.

281 1051 300 1082 q
325 1093 347 1121 6
369 1088 514 1128 Arcesse]
537 1089 595 1120 Sic
621 1087 726 1119 nostri
753 1096 869 1118 omnes
895 1087 982 1118 Mss-

283 1145 387 1181 atque
409 1140 458 1170 ita
480 1140 584 1171 scribi
599 1139 725 1169 debere
747 1139 820 1170 vult
836 1138 981 1169 Priscia-

280 1198 344 1221 nus
361 1190 420 1221 lib.
436 1198 460 1221 1.
477 1198 543 1230 quo
559 1189 633 1219 loco
648 1197 686 1219 ur
700 1196 793 1228 saepe
808 1197 869 1228 pro
883 1188 924 1218 ad
947 1189 981 1218 in

283 1240 527 1280 compositione
542 1239 669 1270 dixisse
685 1244 820 1270 veteres
843 1238 982 1269 demon-

282 1294 390 1321 strat:
414 1289 541 1320 addens
561 1291 571 1306 ‘
587 1297 723 1319 arcesso
736 1288 744 1300 ’
768 1288 811 1319 ab
843 1288 853 1305 ‘
869 1289 960 1320 arcio
973 1288 981 1301 ’

283 1340 412 1378 venire,
429 1348 490 1379 pro
506 1347 572 1379 quo
587 1337 735 1379 (inquit)
747 1347 834 1369 nunc
851 1339 860 1355 ‘
874 1337 982 1369 accio'

283 1390 438 1421 dicimus.
481 1389 549 1420 Sed
565 1398 640 1430 quae
657 1388 800 1420 obsecro
813 1389 900 1420 ratio
915 1393 980 1428 est,

283 1449 344 1472 cur
360 1449 426 1471 non
451 1439 461 1456 ‘
475 1438 671 1470 accersere’
696 1439 812 1475 etiam,
835 1445 874 1470 ut
899 1443 908 1457 ⁸
926 1449 980 1471 ac-

283 1491 353 1522 cire
369 1489 377 1503 '
415 1490 545 1531 posteri
591 1489 752 1525 dixerint,
789 1489 980 1530 praesertim

283 1549 360 1579 cum
377 1540 389 1557 ‘
399 1539 594 1579 urcersere,'
606 1540 722 1570 littera
734 1549 752 1570 r
766 1539 868 1571 toties
882 1548 980 1580 repe-

283 1590 361 1630 tita,
374 1589 493 1622 durum
507 1595 542 1622 et
557 1590 697 1621 insuave
709 1590 772 1621 sit?
798 1590 872 1630 Ego
889 1594 982 1621 utro-

283 1650 350 1681 que
367 1640 510 1672 modoin
528 1639 764 1671 vetustissimis
777 1638 982 1671 membranis

231 1715 233 1717 .
283 1689 387 1720 scribi
405 1690 551 1730 reperio,
565 1691 574 1708 ‘
587 1699 760 1721 arcessere
773 1689 782 1702 ’
797 1694 832 1720 et
847 1693 857 1707 ‘
867 1697 983 1720 accer-

283 1740 384 1780 sere‚'
405 1750 568 1781 nusquam
592 1750 673 1772 vero
694 1750 859 1780 arcersere,
876 1741 981 1772 molli-

284 1791 351 1822 oris
382 1791 455 1822 soni
484 1800 616 1822 caussa.
649 1791 792 1822 Torrent-
835 1790 982 1831 Arcem]

282 1841 373 1873 Jube
386 1846 499 1871 tecum
525 1839 638 1871 afferri
662 1841 705 1871 ad
728 1850 795 1878 me,
821 1841 887 1880 vel,
909 1840 983 1871 sine

283 1899 398 1930 regem
412 1898 484 1920 esse
497 1889 655 1927 convivii,
670 1894 705 1920 et
722 1889 784 1919 tibi
801 1890 982 1928 imperare,

283 1946 323 1971 nt
334 1939 392 1970 illo
405 1939 482 1969 vino
495 1943 606 1976 utare,
618 1937 708 1978 quod
722 1937 785 1968 tibi
799 1946 979 1977 apponam.

284 1988 353 2020 Alii
378 1993 581 2028 exponum3
614 1987 746 2018 Morem
776 1986 855 2018 milii
886 1996 980 2027 gere.

284 2039 454 2080 Imperium
473 2038 546 2078 ser]
574 2037 755 2069 Familiare
790 2037 981 2078 imperium,

284 2098 345 2129 pro
371 2098 412 2119 eo
442 2087 532 2128 quod
558 2087 625 2118 dici
652 2088 751 2127 solet,
768 2087 889 2119 sinete
905 2097 981 2118 exo-

284 2147 499 2174 rem‚morem
510 2146 604 2177 gere,
615 2137 723 2178 legem
738 2137 869 2177 accipe.
887 2138 981 2178 Cruq.

282 2189 431 2220 Turneb.
448 2197 474 2220 1.
491 2190 542 2219 18.
571 2187 818 2228 Imperiumfer]
835 2187 980 2228 Imperi-

285 2249 340 2272 urn
356 2239 584 2271 convivatoris
605 2238 709 2277 dicit;
733 2238 824 2269 unde
848 2242 884 2269 et
909 2247 981 2278 rex,

284 2295 320 2322 et
335 2290 502 2326 dominus,
521 2293 556 2321 et
580 2298 686 2321 coenae
708 2294 807 2330 pater
830 2289 980 2330 appella-

284 2345 352 2373 tur.
378 2341 521 2384 Torreat.

325 2393 346 2421 7
368 2389 517 2431 Splendet
531 2389 639 2430 socias]
674 2388 848 2420 Hactenus
872 2397 979 2420 coenae

283 2440 420 2472 modum
453 2432 627 2481 explicuit,
662 2448 749 2470 nunc
779 2439 980 2471 munditiem

285 2491 480 2530 pollicetur.
525 2490 639 2531 Atque
660 2490 745 2522 adeo
771 2490 799 2522 si
821 2500 891 2522 rem
910 2500 980 2522 om-

283 2549 361 2571 nem
387 2546 481 2571 recte
505 2539 768 2576 consideremus,
788 2540 980 2572 convivium

285 2599 382 2621 suum
398 2590 439 2620 ad
464 2591 602 2629 Epicuri
627 2588 806 2622 formulam
821 2590 981 2632 instituit,

286 2644 464 2671 venustate
479 2640 595 2679 magis,
608 2650 706 2680 quam
720 2645 831 2671 sumtu
843 2640 980 2672 laudan-

286 2691 375 2722 dum.
431 2690 499 2721 Sed
528 2699 588 2720 cur
616 2692 626 2707 ‘
643 2690 822 2731 splendere
849 2690 981 2724 focum’

285 2741 383 2780 dicit,
400 2741 440 2778 si,
458 2746 493 2770 ut
508 2739 670 2780 sequitur,
693 2746 794 2771 aestas
819 2741 915 2773 erat?
938 2751 980 2772 an

285 2792 376 2824 forte
407 2789 619 2832 splendorem
651 2798 716 2820 non
746 2790 787 2821 ad
816 2790 980 2823 luculenti

742 245 885 276 NOTAE
920 246 1185 278 VARIORUM
1220 247 1269 278 ΙΝ

1028 339 1115 380 ignis
1131 340 1279 381 copiam,
1299 339 1358 371 sed
1385 339 1429 371 ad
1452 339 1600 373 Deorum
1614 342 1724 374 Pena-

1029 389 1111 421 tium
1134 390 1169 421 in
1195 388 1275 422 foco
1290 390 1419 421 cultum
1434 394 1656 431 ornatumque
1670 401 1723 423 re-

1027 438 1195 471 feremus?
1211 449 1255 471 an
1270 440 1378 481 magis
1394 440 1436 472 ad
1453 440 1574 472 culinae
1590 439 1725 473 focum?

1031 489 1172 520 Torreat.

1070 543 1090 571 8
1113 541 1213 572 Mitte
1226 541 1306 573 leves
1318 541 1403 583 spes]
1429 542 1562 574 Omitte
1577 551 1656 583 spes
1673 550 1725 573 re·
1741 574 1747 580 ,

1029 600 1100 622 rurn
1118 591 1255 632 levium,
1270 591 1304 623 id
1329 597 1396 629 est,
1419 592 1631 624 divitiarum.
1680 593 1725 624 Ee

1027 642 1198 673 certamina
1211 642 1411 684 divitiarum]
1446 642 1580 675 Omitte
1595 642 1673 674 lites
1689 649 1725 675 et

1029 690 1168 723 dissidia
1183 692 1216 723 in
1233 692 1359 724 divitiis
1375 693 1622 733 comparandis.
1649 693 1725 724 Cer-

1029 741 1147 772 tamina
1167 740 1368 782 divitiarum]
1400 742 1620 783 Praecipuum
1647 743 1728 775 vitae

1030 791 1178 823 studium
1196 803 1204 822 :
1241 793 1252 811 ‘
1269 792 1400 824 Noctes
1429 797 1532 835 atque
1561 792 1634 825 dies
1661 793 1726 825 niti

1030 846 1214 882 praestante
1237 842 1352 873 labore
1374 841 1430 874 Ad
1455 851 1602 874 summas
1620 851 1728 874 emer-

1030 900 1109 931 gere
1135 890 1242 931 opes.’
1298 892 1381 923 Eam
1407 891 1527 934 duram
1553 891 1726 933 deponere

1031 941 1104 972 vult
1118 941 1336 982 Torquatum.
1361 941 1503 973 Torreat.

1071 993 1092 1021 9
1114 990 1405 1031 Moschis-numm]
1438 991 1618 1023 Moschum
1634 990 1727 1022 Rue-

1031 1045 1151 1079 torem‚
1167 1042 1278 1083 patria
1293 1042 1554 1082 Pergamenum,
1575 1045 1727 1073 tunc-ve-

1030 1090 1143 1123 neficii
1169 1101 1263 1123 reum
1280 1090 1384 1123 fnisse
1400 1090 1543 1131 tradunt
1557 1092 1728 1130 interpre-

1031 1146 1097 1182 tes,
1111 1145 1147 1172 et
1160 1150 1180 1172 a
1189 1141 1362 1182 Torquato
1373 1139 1564 1172 defensum.
1582 1140 1729 1171 Tmen.

1030 1190 1154 1221 Moschi
1181 1189 1320 1230 causum]
1358 1189 1502 1221 Clientis
1530 1188 1592 1220 tui.
1647 1188 1729 1220 Cras

1029 1244 1103 1272 nato
1120 1239 1366 1280 Coesurefertus]
1392 1240 1437 1272 'Si
1452 1239 1599 1280 Augusti
1614 1239 1729 1271 em·-

1031 1291 1076 1321 ris
1085 1291 1233 1322 natalem
1246 1290 1387 1328 indicat,
1396 1289 1453 1330 qni
1461 1289 1628 1321 Suetonio
1637 1293 1727 1320 teste

1030 1349 1084 1371 1x.
1100 1341 1179 1371 Kal.
1194 1339 1355 1371 Octobris
1369 1338 1447 1378 fuit,
1461 1342 1539 1380 post
1554 1338 1727 1379 aequinoc-

1031 1390 1115 1421 tium
1130 1390 1342 1428 autumnale;
1365 1398 1432 1420 non
1448 1389 1535 1420 male
1546 1387 1659 1420 focum
1676 1389 1728 1420 in·
1790 1429 1793 1431 ¹

1030 1439 1193 1471 struxerit
1206 1451 1215 1472 ι
1231 1439 1291 1471 sed
1303 1438 1472 1481 quomodo
1485 1439 1638 1470 aestivam
1651 1447 1725 1470 earn

1030 1494 1162 1521 noctem
1179 1489 1302 1521 vocat?
1317 1489 1404 1529 Ego,
1417 1498 1492 1520 cum
1507 1489 1579 1520 lioec
1590 1488 1729 1529 scripsit

1031 1538 1206 1574 Horatius,
1233 1538 1277 1570 ob
1302 1543 1419 1570 natum
1446 1537 1535 1570 forte
1550 1538 1583 1569 in
1598 1536 1728 1569 familia

1031 1589 1204 1620 Caesarum
1220 1587 1376 1628 Augusto
1395 1591 1555 1628 nepotem
1582 1587 1729 1629 aliquem

1030 1637 1133 1669 ferias
1176 1637 1322 1669 indictas
1361 1636 1464 1668 finisse
1507 1635 1727 1668 crediderim.

1033 1688 1169 1719 Tendere
1201 1693 1316 1719 autem
1345 1690 1464 1718 noctem
1488 1687 1617 1717 liabent
1647 1695 1724 1717 nos-

1031 1738 1076 1769 tri
1103 1738 1185 1769 Mss.
1209 1746 1342 1770 omnes:
1368 1736 1496 1777 vulgati
1521 1741 1601 1767 ante
1627 1736 1727 1768 Lam-

1031 1788 1146 1819 binum
1175 1789 1351 1828 extendere,
1379 1788 1478 1828 cujus
1511 1786 1608 1819 verbi
1645 1796 1727 1818 usus

1029 1835 1242 1878 frequentior
1259 1840 1332 1868 est:
1359 1841 1398 1868 ut
1419 1836 1630 1868 ‘extendere
1645 1841 1729 1867 oeta-

1031 1886 1121 1916 tem'
1150 1887 1304 1926 Plautus,
1328 1887 1339 1903 ⁴
1354 1886 1516 1916 virtutem
1539 1884 1728 1917 extendere

1029 1933 1149 1965 factis'
1166 1934 1339 1975 Virgilius.
1368 1935 1513 1967 Tan-ent.
1559 1935 1640 1967 Cras
1653 1939 1729 1967 nato

1032 1983 1283 2023 Coesarefestas]
1307 1982 1426 2015 Idibus
1440 1984 1535 2017 Julii.

1073 2037 1113 2065 lo
1137 2034 1342 2074 Samumque
1354 2034 1438 2076 dies]
1462 2035 1512 2066 Ut
1528 2044 1594 2067 non
1609 2035 1654 2068 sit
1665 2045 1728 2068 ne-

1029 2093 1125 2116 cesse
1142 2093 1238 2115 mane
1253 2092 1403 2123 surgere.

1074 2137 1111 2166 11
1138 2135 1283 2166 Sermone
1312 2135 1461 2177 benigno]
1498 2136 1628 2169 Faceto
1655 2147 1728 2170 ser·

1028 2194 1128 2216 mone
1145 2189 1180 2216 et
1196 2185 1291 2226 largo
1308 2191 1443 2217 noctem
1459 2187 1660 2220 extendere.

1071 2239 1112 2267 12
1137 2236 1205 2272 Quo
1231 2237 1309 2268 mihi
1326 2237 1478 2278 fortuna]
1522 2238 1662 2272 Mureto
1691 2246 1728 2273 et

1029 2286 1191 2318 Lambino
1209 2287 1336 2326 placuit
1349 2287 1510 2325 fortunas,
1533 2294 1655 2321 eontra
1672 2300 1727 2323 ve-

1029 2341 1139 2368 terum
1154 2337 1398 2377 exemplarium
1413 2337 1514 2369 fidem
1528 2349 1538 2377 ;
1555 2339 1588 2370 in
1604 2341 1727 2382 quibus
1787 2355 1790 2358 ·

1028 2387 1297 2419 constantissime
1305 2388 1585 2428 legiturfortm:
1596 2396 1630 2421 et
1641 2395 1650 2409 ‘
1661 2390 1729 2423 for-

1029 2441 1160 2469 tunam’
1175 2447 1236 2479 pro
1251 2438 1379 2469 divitiis
1393 2438 1483 2470 dixit
1501 2439 1603 2471 etiam
1620 2440 1726 2473 Ovid.

1027 2488 1129 2519 Trist.
1150 2496 1183 2519 v.
1198 2488 1209 2504 ‘
1225 2487 1299 2518 Nec
1310 2496 1392 2518 mea
1407 2497 1569 2520 concessa
1583 2495 1636 2522 est
1653 2491 1726 2522 aliis

1027 2536 1175 2577 fortuna,
1190 2546 1253 2568 nec
1266 2537 1345 2568 exul
1362 2537 1476 2570 Edicti
1491 2538 1604 2571 verbis
1619 2541 1727 2572 nomi-

1029 2598 1091 2620 nor
1110 2589 1183 2629 ipse
1200 2587 1275 2619 tui.'
1300 2587 1442 2619 Tmene.
1488 2587 1558 2624 Quo
1570 2589 1726 2628 nsihifor-

1028 2640 1120 2681 tuna]
1142 2640 1310 2672 Quorsum
1327 2638 1463 2670 divitias
1478 2645 1649 2679 expetam.

1072 2693 1111 2721 13
1138 2689 1186 2720 Ob
1199 2689 1331 2720 haeredis
1343 2687 1466 2729 curam]
1489 2689 1538 2720 Ut
1549 2686 1657 2720 baeres
1673 2689 1724 2721 di-

1030 2745 1150 2772 rescat.
1195 2737 1342 2778 Severus]
1372 2738 1498 2775 Durus,
1513 2738 1660 2778 immitis,
1675 2744 1725 2771 te·

1031 2790 1148 2826 tricus,
1164 2789 1221 2831 qui
1243 2788 1325 2820 nihil
1346 2787 1409 2819 sibi
1435 2787 1621 2829 indulgeat,
1642 2787 1723 2822 dum
