1858 3184
270 240 290 283 ]
298 241 383 285 862

269 346 382 379 cubat.
409 345 551 377 Torreat.
595 344 758 377 Judicium
772 344 900 386 subtile]
924 344 971 376 Il-

269 396 327 428 lud
336 395 506 437 judicium
523 394 721 426 Alexandri.
759 394 910 432 Videndis
918 404 971 425 ar·

269 445 370 486 tibus]
394 446 435 478 In
453 446 589 487 pictura
598 448 635 477 et
649 444 825 529 sculptura
841 444 970 485 perspi-

269 495 404 528 cienda.

275 570 279 574 .
311 549 376 578 243
398 545 450 577 Aa
463 545 574 586 libros]
598 542 654 575 Ad
670 551 785 575 versus
801 546 837 576 et
852 542 970 576 Poe'ti-

270 604 345 628 cam
363 593 580 626 transferres.

313 647 378 676 244
402 643 562 684 Boeotum]
600 643 743 685 Optime
773 643 970 676 Lambinus.

270 695 340 727 Sed
370 694 489 726 eadem
518 693 643 733 omnia,
676 697 711 725 et
741 695 845 725 multo
874 695 972 735 plura

271 746 432 777 Erasmus
454 743 678 783 Chiliadibus,
700 744 710 761 ‘
728 743 793 775 Sus
815 743 973 784 Boeotia,'

272 798 308 827 et
325 794 335 812 ‘
353 794 454 826 Auris
470 792 629 832 Boeotia:
643 797 680 825 et
694 792 897 833 βοιωτιάζειν,
908 803 971 835 pro

270 844 384 876 stolide
411 848 443 876 et
467 845 630 876 immodice
650 845 827 883 vociferari.
873 845 972 877 Miris

270 894 361 926 enim
383 893 493 926 modis
515 895 525 912 ‘
540 893 702 926 Boeotos'
733 901 772 926 ut
801 895 971 937 stupidos,

271 944 380 976 ceteri
403 944 519 976 Graeci
548 944 778 986 exagitarunt.
826 945 972 978 Multum

272 997 388 1026 autem
417 993 547 1026 referre
579 994 622 1026 ad
651 995 821 1026 hominum
851 1004 973 1035 mores,

271 1056 348 1087 quae
365 1045 528 1086 cujusque
543 1045 610 1077 loci
624 1051 747 1076 natura
763 1045 808 1077 sit
823 1045 881 1077 ubi
896 1055 972 1077 nas-

271 1095 380 1127 cimur
395 1096 597 1137 alimurque,
617 1105 694 1127 cum
717 1096 774 1127 alii
787 1095 974 1136 gravissimi

271 1145 482 1186 Philosophi,
497 1149 566 1176 tum
584 1145 748 1186 peculiari
764 1154 869 1186 opere
888 1145 973 1186 Hip-

272 1199 431 1235 pocrates
455 1194 609 1228 tradidit.
661 1195 779 1236 Usque
806 1194 892 1227 adeo
918 1204 974 1227 ve-

270 1254 347 1276 rum
373 1249 428 1276 est
455 1245 611 1276 Platonis
637 1244 671 1275 in
687 1245 816 1276 Timaeo
831 1244 974 1284 dictum,

272 1293 354 1325 κατὰ
374 1293 448 1326 τοὺς
473 1295 603 1335 οὐρανοῦ
628 1293 741 1326 τόπους
765 1296 875 1336 κρᾶσιν
894 1293 975 1332 ἠθῶν

270 1344 430 1384 γενέσθαι,
443 1354 542 1376 mores
549 1354 608 1385 pro
622 1345 690 1376 omli
703 1345 883 1385 regionibus
897 1349 974 1377 tem·

268 1395 391 1436 peravi.
422 1394 515 1426 Hinc
543 1395 675 1427 Tullius
704 1395 763 1426 lib.
793 1395 837 1426 de
863 1396 972 1427 Fato.

271 1445 283 1463 ⁸
297 1444 441 1476 Athenis
465 1449 569 1476 tenue
591 1445 734 1484 coelum;
758 1454 801 1476 ex
816 1455 882 1487 quo
896 1455 975 1478 acu·

273 1494 379 1527 tiores
402 1494 506 1526 etiam
529 1499 713 1526 censentur
727 1494 858 1526 Attici:
883 1505 973 1527 cras·

274 1553 348 1576 sum
362 1543 510 1583 Thebis;
535 1543 648 1586 itaque
662 1543 806 1585 pingues
821 1544 975 1576 Thebani

273 1598 310 1627 et
326 1593 503 1626 valentes.'
533 1594 658 1626 Thebae
682 1599 798 1626 antem
822 1594 855 1625 in
876 1595 975 1626 Boeo-

274 1645 333 1678 tia.
377 1644 446 1677 Sed
473 1648 509 1676 et
535 1644 578 1676 de
601 1644 813 1689 Democrito²
836 1644 894 1686 qui
917 1654 975 1676 na-

274 1695 368 1726 tione
382 1695 496 1727 Thrax
509 1698 596 1734 erat,
610 1694 633 1727 J
637 1694 816 1726 uven.Sat.
830 1703 867 1726 x.
887 1694 897 1711 ‘
910 1695 975 1727 Cu·

268 1745 326 1787 jus
336 1744 520 1787 prudentia
530 1748 698 1776 monstrat
710 1744 866 1776 Summos
877 1753 976 1786 posse

275 1798 365 1829 viros
378 1801 414 1828 et
427 1805 550 1836 magna
564 1795 724 1836 exempla
738 1795 879 1827 daturos
890 1795 977 1827 Ver-

274 1857 395 1879 vecum
419 1847 453 1878 in
478 1847 591 1887 patria
614 1855 799 1887 crassoque
817 1845 878 1877 sub
895 1845 975 1877 aere

274 1895 394 1927 nasci!
420 1895 563 1926 Torrent-
594 1895 729 1934 Natum,
744 1895 814 1935 ξω]
836 1894 976 1926 Jurares

274 1944 509 1977 Alexandrum
533 1944 690 1984 pinguem
716 1953 790 1975 esse
813 1949 850 1975 et
873 1944 975 1976 hebe-

275 1999 358 2034 tem,
375 1995 493 2036 quales
508 1999 588 2026 sunt
604 1994 636 2025 in
653 1994 790 2025 Boeotia
805 1994 889 2026 uati.

315 2049 380 2077 245
406 2046 514 2086 Neque
541 2044 612 2085 tua]
636 2044 733 2076 Ordo
758 2048 830 2076 est:
855 2044 903 2076 At
923 2045 975 2076 di-

274 2095 357 2127 lecti
383 2094 446 2126 tibi
462 2094 629 2135 Virgilius
645 2094 838 2135 Variusque
853 2094 974 2127 Potitae

274 2154 341 2176 non
355 2143 568 2175 dedecorant
584 2148 643 2174 tua
657 2143 702 2175 de
717 2154 752 2175 se
762 2144 908 2184 judicia.

317 2197 383 2227 246
406 2194 573 2235 Talentm]
599 2193 831 2235 Acceperunt.

317 2249 381 2279 247
416 2245 538 2278 Dileoti
568 2244 643 2285 tibi]
678 2245 806 2278 Dilecti
834 2245 895 2278 abs
925 2250 974 2279 te.

281 2296 438 2336 Virgilius
466 2294 654 2336 Variusque]
688 2294 910 2338 Adscriptum
939 2297 975 2328 iu

276 2347 387 2380 veteri
408 2345 550 2378 codicez
574 2345 585 2362 ‘
601 2345 666 2378 His
681 2346 820 2388 siugulis
836 2346 975 2379 donavit

275 2396 450 2438 Augustus
464 2395 580 2428 decies
595 2396 815 2429 sestertium.'
847 2397 973 2429 Mirum

276 2452 391 2479 autem
417 2450 515 2478 tanta
540 2447 736 2479 constantia
759 2448 794 2479 in
820 2448 973 2480 omuibus

274 2497 359 2528 Mss.
389 2496 466 2538 legi,
497 2495 653 2536 Virgilius
671 2496 839 2538 Vamque.
885 2497 973 2530 Vide

275 2556 301 2577 1.
319 2546 387 2577 Od.
403 2550 436 2578 6.
461 2547 604 2578 Tor-rent.

318 2599 382 2627 248
421 2597 490 2628 Nec
517 2595 635 2637 magis]
669 2596 745 2630 Hac
774 2597 904 2631 ratione
934 2608 972 2631 se

268 2647 402 2687 *passim
417 2647 594 2679 venditant
606 2647 728 2680 Poetae
741 2648 973 2682 immortalita-

276 2703 346 2730 tem
362 2698 416 2728 cui
433 2699 540 2730 velint
557 2699 772 2740 pollicentes.
815 2700 904 2734 Vide
919 2710 972 2734 w.

272 2747 346 2780 od.
362 2750 394 2778 9.
422 2748 564 2779 Torrent.

317 2800 382 2830 250
405 2797 473 2830 Nec
489 2796 667 2841 Sermones]
694 2800 770 2832 Nec
783 2800 933 2842 satyras.

729 249 872 281 N'O'I'AE
904 248 1172 280 vAmoRUM
1206 248 1258 279 IN

1065 346 1129 376 251
1157 344 1311 383 Repentes
1329 351 1386 383 per
1399 341 1540 382 humum]
1561 342 1720 377 Orationi

1023 394 1146 426 solutae
1162 393 1299 427 similes.
1344 393 1475 434 Gestas]
1498 393 1576 424 Tua
1594 394 1720 427 virtute

1023 448 1147 485 gestas.

1065 497 1130 525 252
1152 493 1254 526 Aroes
1267 493 1432 526 Montibus
1443 493 1618 535 impositas]
1642 494 1722 528 Non

1023 553 1104 575 vero
1119 543 1163 575 de
1179 543 1370 575 fortissimis
1391 544 1433 576 ab
1455 543 1612 585 Augusto
1635 545 1728 578 arci--

1023 592 1085 624 bus
1100 593 1306 634 expugnatis
1322 593 1356 625 id
1380 593 1544 635 intelligi3
1567 594 1617 626 sic
1632 595 1723 626 enim

1023 652 1077 674 1v.
1096 643 1165 675 Od.
1180 646 1233 675 14.
1256 647 1265 661 ‘
1281 644 1327 675 Et
1343 653 1440 675 arces
1455 642 1602 685 Alpibus
1617 644 1723 685 impo-

1025 693 1107 725 sitas
1125 693 1309 725 tremendis
1326 693 1467 734 Dejecit
1485 692 1589 726 acer!
1634 693 1725 725 Dru·

1025 752 1082 775 sus
1096 742 1230 776 scilicet
1245 743 1395 783 Augusti
1411 743 1591 784 auspiciis:
1615 743 1724 784 respi-

1026 801 1107 824 cere
1131 797 1244 824 tamen
1265 792 1447 824 Horatium
1468 792 1511 824 ad
1528 792 1725 825 Germanici

1026 843 1108 875 belli
1122 843 1296 875 historiam
1311 844 1438 875 malim.
1461 844 1606 875 Torreat.

1068 896 1130 925 253
1154 894 1316 925 Montibus
1343 893 1518 935 impositas]
1550 893 1660 926 Arces
1690 894 1725 926 in

1026 943 1196 975 montibus
1211 948 1399 976 extructas.

1068 997 1133 1026 254
1156 995 1307 1033 Confecta
1322 993 1439 1034 duella]
1459 994 1559 1026 Bella
1573 993 1681 1026 finita.

1068 1046 1131 1074 255
1157 1044 1376 1085 claustraque,
1398 1044 1467 1084 θα]
1494 1043 1619 1075 Portas
1643 1043 1725 1077 Jaui

1026 1093 1173 1131 clausas,
1186 1093 1277 1134 quod
1300 1094 1395 1134 pacis
1414 1097 1569 1134 tempore
1592 1099 1724 1126 tantum

1025 1141 1142 1174 fiebat.
1190 1144 1357 1175 Custodem
1369 1142 1472 1184 pacis]
1494 1142 1614 1175 videri
1631 1147 1725 1185 pote-

1027 1192 1137 1225 ritiv.
1155 1192 1225 1224 od.
1244 1197 1296 1226 15.

1027 1245 1134 1325 ὸ256
1159 1242 1289 1274 Parthis
1315 1245 1346 1274 te
1371 1241 1539 1284 Principe]
1562 1242 1652 1275 Vide
1675 1252 1725 1275 tv.

1062 1293 1082 1324 d
1109 1295 1161 1324 15.

1067 1346 1131 1374 257
1147 1342 1376 1384 Si‚quan1um]
1392 1343 1427 1374 Si
1441 1342 1607 1375 voluntati
1619 1342 1726 1376 facul·

1025 1396 1076 1424 tas
1092 1395 1325 1434 responderet.

1068 1446 1133 1475 259
1166 1445 1244 1476 Rem
1273 1444 1410 1485 tentare]
1443 1443 1531 1476 Rem
1561 1423 1725 1485 experiri.

1026 1494 1197 1535 Recuaent]
1223 1494 1301 1527 Non
1318 1495 1461 1535 possint.

1068 1546 1132 1575 260
1155 1545 1330 1586 Sedulitas]
1354 1544 1435 1580 Odi,
1459 1544 1569 1586 inquit
1585 1544 1654 1583 ille,
1674 1544 1725 1576 ni-

1024 1594 1128 1626 mium
1144 1595 1365 1636 diligentem:
1383 1595 1417 1627 id
1434 1595 1537 1636 igitur
1552 1595 1725 1636 scriptori·

1027 1644 1088 1676 bus
1117 1646 1256 1677 evenire
1285 1646 1334 1677 ait
1364 1646 1549 1678 Horatius:
1578 1645 1726 1677 maxime

1026 1705 1102 1728 cum
1130 1706 1186 1728 res
1211 1701 1325 1737 gestas
1350 1701 1503 1734 narrant,
1528 1700 1565 1727 et
1587 1695 1725 1738 quidem

1027 1745 1197 1779 carmine:
1221 1746 1311 1788 quod
1326 1756 1404 1779 cum
1419 1745 1653 1778 difficillimum
1670 1745 1726 1786 sit,

1027 1795 1089 1826 nisi
1115 1796 1365 1837 circumspecte
1387 1796 1461 1832 fiat.
1489 1806 1584 1837 saepe
1612 1795 1725 1835 officio

1027 1851 1143 1878 nostro
1158 1856 1236 1878 eum
1251 1846 1350 1888 cujus
1366 1845 1506 1878 studiosi
1520 1855 1634 1878 sumus
1649 1854 1725 1886 gra-

1027 1905 1143 1927 vamus
1172 1897 1280 1937 magis
1307 1906 1347 1928 ac
1371 1896 1569 1937 premimus.
1611 1896 1725 1929 Tanto

1026 1950 1138 1977 autem
1150 1946 1337 1977 cavendum
1348 1945 1563 1986 diligentius:
1574 1946 1725 1987 qnod‚ut

1025 2000 1147 2027 natura
1162 1996 1203 2026 ad
1217 1995 1534 2038 reprehendendum
1546 1997 1724 2037 proniores

1024 2055 1147 2081 sumus.
1180 2045 1282 2077 citius
1319 2044 1527 2086 percipimus
1555 2049 1591 2077 et
1620 2046 1724 2078 altius

1024 2095 1240 2127 recondimus
1262 2094 1290 2126 si
1313 2094 1395 2135 quid
1418 2094 1599 2136 displicet;
1622 2105 1723 2137 quam

1024 2154 1246 2187 quaecumque
1276 2144 1341 2176 alia
1374 2145 1428 2177 vel
1458 2145 1556 2177 inviti
1581 2146 1723 2178 laudare

1023 2195 1177 2236 cogimur
1191 2198 1227 2226 et
1242 2195 1420 2226 admirari:
1438 2195 1528 2227 unde
1542 2195 1594 2236 fit,
1609 2200 1645 2228 ut
1661 2205 1724 2238 per

1023 2245 1178 2277 Lectoris
1206 2244 1356 2282 fastidia,
1386 2252 1423 2278 et
1448 2246 1506 2288 qui
1532 2246 1663 2283 laudat,
1686 2249 1725 2278 et

1023 2295 1079 2337 qui
1109 2295 1269 2327 laudatur
1299 2296 1384 2328 risus
1419 2295 1554 2339 flatsac
1583 2295 1720 2335 fabum

1023 2345 1192 2378 damnatis
1205 2346 1248 2378 ad
1262 2345 1423 2378 mercium
1439 2346 1616 2378 involucra
1627 2345 1723 2377 libel-

1022 2396 1077 2435 lis,
1091 2396 1211 2438 quibus
1226 2397 1372 2437 scriptor
1397 2400 1466 2428 tam
1488 2394 1666 2435 magnifice
1682 2405 1721 2427 sc

1017 2446 1219 2488 jactitabat.
1244 2447 1388 2478 Torrent.
1432 2445 1593 2478 &aulicas
1603 2448 1721 2485 autem,

1021 2497 1114 2529 stulu
1137 2506 1227 2538 quem
1248 2495 1370 2536 diligit,
1394 2494 1504 2536 urget]
1537 2495 1639 2536 Urget
1664 2495 1720 2527 liic

1022 2552 1077 2578 est
1106 2550 1244 2587 gravat:
1278 2544 1404 2577 deinde
1432 2546 1527 2577 stulte
1551 2544 1719 2586 jungatur

1022 2606 1089 2628 non
1102 2606 1177 2629 cum
1189 2596 1309 2636 diligit.
1322 2596 1382 2627 sed
1395 2605 1471 2628 cum
1486 2598 1590 2635 urget.
1617 2594 1720 2641 ‘Dicit

1022 2657 1116 2688 ergo,
1142 2647 1366 2678 Sedulitatem
1396 2646 1511 2678 stultis
1539 2643 1657 2683 officiis
1681 2649 1718 2677 et

1022 2697 1193 2739 obsequiis
1222 2707 1301 2729 eum
1328 2705 1485 2738 gravare,
1512 2705 1612 2738 quem
1641 2694 1718 2726 dili-

1021 2747 1083 2787 git.
1128 2746 1169 2778 Id
1186 2751 1251 2782 est,
1267 2746 1382 2777 multis
1394 2745 1574 2786 contingit,
1584 2748 1623 2776 ut
1637 2743 1717 2775 dum

1022 2797 1131 2831 seduli
1148 2796 1273 2838 videri,
1282 2796 1352 2828 sive
1368 2795 1558 2830 sedulitatis
1568 2803 1637 2826 suae
1649 2798 1716 2826 tes-
