1858 3184
274 217 389 262 1990
696 228 956 262 aecensus
990 229 1274 261 nni'riouuu

274 330 527 370 adnotatione
542 330 751 370 illustravit
766 329 824 370 M.
844 329 1090 369 Christianus
1111 328 1240 369 David
1260 328 1366 368 Jani.
1402 328 1550 366 Tamus
1571 329 1714 380 r.=Lip-

272 393 358 442 sioe,
377 394 570 434 sumtibus
589 396 632 435 S.
654 395 698 433 L.
717 394 847 433 Crusii
872 394 990 433 1778.
1012 396 1035 433 8
1051 395 1141 447 maj.
1169 394 1281 433 Tom.
1300 405 1354 432 11.
1372 393 1492 431 1782.
1544 390 1715 436 Quinum

271 459 366 497 tomi
385 457 572 497 exhibent
589 458 766 497 Odarum
785 459 902 497 libros
924 471 987 498 lv,
1007 459 1058 498 de
1077 471 1157 510 qua
1176 458 1241 497 ed.
1259 457 1373 496 nobis
1389 457 1520 503 etiam,
1538 454 1644 508 quod
1665 454 1717 494 ad

274 522 385 561 Odas
405 522 557 569 attinet,
573 535 662 561 cum
677 521 922 562 Gesneriana
940 523 1099 569 collata,
1124 523 1232 560 lubet
1252 521 1508 560 transcribere
1526 519 1718 573 judicium

273 598 298 624 a
315 586 413 625 clar.
434 586 617 625 Harlesio
638 586 787 626 Introd.
804 587 844 625 in
871 587 1059 627 Notitiam
1089 586 1188 626 liter.
1210 586 1326 625 Rom.
1345 585 1576 637 Noribergae
1598 584 1718 622 1781.

274 647 322 687 Ρ.
345 661 450 701 11.p.
467 651 561 690 393.
580 650 726 690 latum:
758 650 914 690 ‘Multa
951 651 1129 703 exempla
1162 650 1308 702 scripta
1340 649 1526 701 editaque
1561 647 1721 700 collegit

272 713 517 765 contulitque
540 714 592 753 cl.
612 715 721 762 Jani,
741 714 942 767 vulgatam
962 714 1122 767 quidem
1143 713 1412 754 recensionem
1443 714 1578 766 posuit
1598 713 1721 752 instar

273 776 542 817 fundamenti:
571 785 799 818 contextum
820 786 951 818 tamen
971 779 1022 818 ad
1044 779 1262 818 Msstorum
1273 777 1546 817 auctoritatem
1566 784 1606 816 et
1624 775 1718 815 artis

271 839 420 879 criticae
451 840 562 893 leges
601 842 733 882 sobria
760 842 1060 894 verecundaque
1093 843 1246 882 ratione
1283 841 1501 888 constituit,
1533 840 1721 880 varietate

271 903 453 944 lectionis
473 906 523 945 ab
556 906 769 959 exegeticis
800 907 1140 947 observationibus
1178 913 1344 955 secreta,
1380 913 1420 946 et
1450 906 1608 958 poetam
1639 911 1722 943 tam

274 970 527 1019 grammatice
564 983 682 1023 quam
708 984 798 1010 cum
831 984 950 1011 sensu
982 971 1213 1024 judicioque
1231 970 1399 1023 pulchri,
1430 969 1628 1009 interdum
1660 968 1724 1008 vel

267 1031 379 1083 justo
397 1033 554 1071 uberius
587 1034 649 1072 vel
678 1035 850 1085 parcius,
869 1035 1093 1087 explicavit.
1148 1035 1329 1087 Denique
1354 1034 1406 1072 in·
1432 1033 1723 1086 prolegomenis

275 1094 327 1134 de
345 1094 546 1135 codicibus
578 1102 619 1135 et
637 1095 874 1137 editionibus
905 1099 1145 1149 poiimatum,
1178 1098 1230 1136 de
1266 1097 1359 1145 vita,
1395 1095 1569 1148 ingenio,
1598 1096 1725 1148 poesi,

274 1159 527 1211 moribusque
561 1160 679 1208 vatis,
713 1163 788 1200 &c.
823 1161 986 1213 pulchre
1024 1161 1221 1213 docteque
1257 1160 1354 1212 egit.
1424 1159 1565 1212 Neque
1592 1165 1726 1198 tamen

274 1223 408 1274 pauca
439 1223 597 1275 reliquit
630 1224 770 1263 futuris
808 1225 1085 1278 interpretibus
1119 1224 1370 1277 explicanda,
1390 1230 1430 1265 et
1462 1222 1726 1269 emendanda,

276 1288 474 1339 praecipue
495 1301 584 1327 cum
613 1288 805 1337 fontibus,
825 1303 873 1330 ex
902 1288 1046 1342 quibus
1080 1290 1267 1330 Horatius
1302 1295 1456 1328 tantum
1486 1300 1568 1327 non
1596 1286 1729 1327 hausit

274 1351 421 1398 omnia,v
441 1352 747 1404 componenda!
1387 1366 1390 1369 ’

296 1445 300 1451 .
335 1415 436 1453 1778
467 1415 636 1455 Selectae
669 1416 771 1456 odae.
802 1416 1015 1455 Praemissa
1033 1418 1205 1456 auctoris
1222 1417 1318 1464 vita,
1338 1416 1389 1455 ad
1413 1427 1530 1455 usum
1550 1414 1729 1468 Gymna-

280 1477 426 1518 siorum
445 1479 750 1520 Trevirensium.
773 1481 1049 1520 Confluentiae.
1070 1482 1108 1520 8.

338 1541 441 1582 1779
469 1541 574 1594 Opp.
594 1554 645 1582 ex
663 1556 742 1584 rec.
761 1545 802 1582 J.
818 1542 876 1583 Μ.
898 1545 1080 1585 Gesneri.
1099 1544 1278 1584 Norimb.
1303 1546 1365 1584 12.
1527 1571 1529 1573 -

332 1627 388 1635 -—
415 1605 676 1656 Mannhemii,
692 1610 719 1645 2
739 1607 832 1646 voll.
855 1610 894 1647 8.
937 1608 999 1646 Ad
1018 1608 1112 1648 edit.
1130 1607 1406 1648 Talbotiauam
1427 1620 1461 1648 ι.
1494 1607 1722 1660 cantabrig.

286 1670 404 1709 1699.
433 1676 476 1709 et
493 1669 827 1710 Burmannianam
846 1684 1047 1724 expressa.
1096 1709 1101 1713 .

335 1756 390 1765 -—-
418 1733 572 1774 Horatii
609 1746 768 1774 carmen
789 1736 841 1775 ad
871 1736 1016 1775 AElium
1047 1735 1237 1785 Lamiam,
1256 1737 1418 1777 musicis
1454 1737 1627 1777 numeris
1662 1747 1731 1775 ex-

279 1811 462 1851 pressum
481 1812 519 1838 a.
538 1800 563 1838 J
567 1812 604 1839 o.
624 1799 702 1840 Ad.
723 1800 862 1840 Hiller.
897 1801 1005 1853 Lips.
1036 1813 1084 1840 ex
1102 1800 1206 1841 offic.
1239 1801 1481 1854 Breitkopfii.
1498 1800 1585 1841 Fol.
1603 1796 1749 1839 παν

281 1862 385 1902 vers.
404 1863 663 1903 Proemittitur
691 1864 788 1917 ipsis
818 1865 946 1904 modis
967 1871 1100 1905 textus
1135 1865 1263 1906 Latin.
1284 1863 1387 1905 Odae
1398 1861 1470 1906 26.
1494 1866 1539 1906 L.
1560 1877 1593 1906 1.
1609 1864 1733 1904 idem-

281 1939 359 1978 que
379 1926 616 1966 Germanice
635 1939 850 1979 expressus
867 1941 891 1966 a
903 1929 991 1967 Jac.
1011 1929 1116 1967 Frid.
1139 1929 1332 1968 Schmidt.

343 1993 447 2030 1780
477 1991 619 2030 Franc.
641 1990 863 2044 Dorighelli
893 1990 957 2030 ed.
984 1991 1151 2043 repetita
1181 1991 1334 2030 Patavii
1355 1993 1378 2030 3
1397 1991 1492 2031 voll.
1513 1993 1551 2029 8.
1569 1989 1661 2030 Vid.
1681 1988 1732 2028 ad

280 2063 348 2092 an.
373 2054 493 2092 1774.

339 2139 392 2146 --
419 2123 460 2155 et
482 2118 600 2156 1783.
621 2116 758 2157 Latine
791 2123 832 2157 et
851 2118 1098 2167 Germanice,
1126 2119 1336 2171 interprete
1367 2119 1433 2158 Jo.
1454 2116 1521 2158 Fr.
1541 2118 1733 2158 Schmidt.

283 2180 446 2245 Gothae.
464 2183 487 2220 3
506 2181 600 2221 voll.
621 2183 661 2222 8.
682 2181 814 2222 Editio
832 2183 1023 2223 secunda.

343 2245 446 2283 1782
473 2257 565 2284 cum
585 2246 688 2286 notis
709 2246 806 2287 Chr.
826 2248 1017 2287 Junckeri
1038 2247 1090 2286 ad
1109 2247 1270 2287 modum
1291 2246 1475 2286 Minellii.
1496 2245 1652 2298 Lipsiae.
1672 2246 1735 2289 12.

344 2310 448 2348 1783
476 2309 688 2362 Bipontina
708 2324 741 2351 1.
759 2311 812 2357 Q
829 2311 980 2351 Horatii
994 2311 1126 2351 Flacci
1145 2312 1279 2365 Opera
1292 2311 1343 2350 ad
1357 2311 1527 2364 optimas
1542 2309 1734 2350 editiones

285 2370 470 2413 collata.
495 2371 757 2421 Praemittitur
770 2376 921 2415 Notitia
942 2376 1142 2416 Literaria.
1199 2375 1349 2415 Studiis
1367 2375 1569 2415 societatis
1587 2373 1736 2427 Bipon-

281 2436 394 2478 tinae.
423 2437 557 2478 Editio
578 2446 777 2480 accurata.
799 2440 972 2493 Biponti.
995 2443 1017 2479 8
1033 2441 1126 2493 maj.
1146 2441 1204 2479 Ex
1222 2447 1378 2494 typogr.
1401 2439 1626 2500 societatis.

345 2504 450 2542 1785
477 2503 623 2555 Opera.
642 2503 860 2545 Avenione.
879 2507 945 2544 24.
966 2505 1098 2544 Editio
1116 2505 1256 2545 nitida.
1289 2539 1293 2543 .

344 2567 448 2606 1787
478 2567 616 2607 Latine
637 2576 677 2607 et
697 2568 866 2610 Gallice.
880 2569 1010 2622 Lugd.
1032 2571 1057 2606 2
1076 2570 1169 2610 voll.
1195 2571 1258 2610 12.

344 2651 398 2659 —
426 2632 572 2683 Opera.
592 2633 776 2673 Francof.
792 2640 833 2673 et
852 2633 956 2687 Lips.
976 2635 1000 2672 2
1017 2634 1111 2673 voll.
1127 2636 1165 2672 8.
1600 2641 1605 2644 “

347 2694 449 2732 1788
480 2696 529 2740 Q.
551 2696 706 2736 Horatii
725 2698 787 2737 Fl.
808 2698 1007 2745 Carmina,
1025 2706 1176 2738 curavit
1194 2697 1276 2738 Jer.
1296 2698 1385 2737 Jac.
1405 2669 1580 2737 Oberlin.
1614 2695 1733 2749 'I'ypis

293 2761 342 2795 et·
368 2763 500 2797 sumtu
529 2759 715 2803 Rollandi
744 2768 783 2802 et
811 2763 963 2804 Jacobi.
996 2763 1200 2816 Argentor.
1221 2765 1248 2802 4
1277 2761 1367 2813 maj.
1402 2761 1534 2802 Editio
1554 2758 1730 2813 typorum
