1858 3184
300 229 413 272 197⁰
758 239 1022 272 aecensus
1058 239 1343 272 Em‘rmuum
1399 230 1401 232 ’

351 341 456 382 1604
484 340 614 380 Odae
604 355 643 380 m
663 342 774 381 locos
793 352 1021 380 communes
1041 340 1209 394 digestae
1243 340 1376 381 studio
1396 341 1644 395 Jos.1.angii
1660 344 1750 383 Ca·

295 406 602 446 sareomontani.
623 406 746 458 Typis
766 405 1051 445 Wechelianis.
1074 406 1232 446 Hanov.
1255 407 1292 445 8.

341 493 397 500 -
424 470 540 519 Odae,
575 470 616 509 in
652 469 764 508 locos
794 482 1025 510 communes
1063 469 1243 522 digestae.
1300 468 1442 510 Studio
1471 469 1747 524 Jos.1.angii.

290 533 418 586 Lugd.
443 535 508 571 12.

342 620 397 627 -
424 595 569 649 Opera,
587 609 677 636 oum
696 598 807 638 novis
827 612 938 652 argg.
959 600 1021 637 Ex
1038 599 1142 638 offic.
1165 599 1340 640 Plantin.
1361 598 1533 653 Raphel.
1555 600 1621 640 12.

341 684 395 692 -
424 659 476 707 Q.
497 661 552 701 H.
573 662 618 700 F.
636 662 851 708 Poemata;
882 677 973 703 cum
990 664 1188 703 Juvenali.
1210 664 1381 704 Londin.
1406 667 1468 704 12.

346 726 450 765 1605
479 725 748 775 Lambiniana,
769 741 859 767 cum
883 741 1031 767 comm.
1063 728 1235 767 Turnebi
1257 735 1297 767 et
1324 729 1506 778 Marcffii,
1525 741 1590 782 ap.
1609 727 1748 768 Barth.

290 790 503 830 Macaeum.
523 790 650 830 Paris.
669 791 739 831 fol.

339 877 395 884 -
421 854 679 894 Lambiniana
699 869 762 895 VI.
783 861 824 894 et
849 863 972 908 postr.
1006 857 1140 896 editio.
1179 856 1340 896 Additae
1374 863 1468 896 sunt
1501 857 1624 896 Henr.
1658 858 1748 897 Ste—

284 916 406 971 phani
425 918 617 958 diatribae.
648 919 803 959 Excud.
823 920 966 960 Petrus
987 920 1092 960 dela
1111 921 1292 961 Roviere.
1312 921 1447 960 Aurel:
1464 921 1617 961 Allobr.
1636 924 1679 961 4.

337 1006 391 1014 -—-
420 983 639 1023 Heinsiaua
674 996 706 1022 1.
738 984 871 1037 Opera
900 999 991 1024 cum
1020 998 1164 1032 comm.
1196 985 1302 1024 Dan.
1339 985 1511 1025 Heinsii.
1545 985 1613 1024 Ex·
1636 986 1743 1026 offic.

283 1048 457 1086 Plautin.
477 1060 542 1099 ap.
575 1047 909 1099 Raphelengium.
930 1051 969 1087 8.
1017 1049 1203 1101 Praeceps
1236 1049 1399 1101 ingenio
1418 1055 1592 1088 tentator
1610 1050 1742 1089 Musae

285 1112 515 1150 Horatianae
535 1111 710 1150 asseclas
731 1111 895 1150 invenit.

337 1199 391 1204 —
420 1176 525 1228 Opp.
547 1187 635 1214 cum
656 1172 825 1228 castigg.
844 1175 896 1214 G.
917 1173 1102 1215 Fabricii.
1122 1175 1231 1227 Lips.
1251 1175 1372 1228 Typis
1390 1174 1587 1228 Voegelin.
1610 1177 1649 1216 8.

337 1263 391 1271 --
419 1239 549 1278 Odae
540 1253 579 1278 m
606 1237 719 1279 locos
739 1252 967 1280 communes
986 1240 1155 1292 digestae
1174 1238 1307 1279 studio
1339 1240 1426 1279 Jos.
1443 1241 1596 1293 Langii.
1615 1240 1742 1293 Lugd.

286 1305 347 1342 12.

335 1388 388 1397 -
419 1368 471 1412 Q.
492 1367 547 1407 H.
569 1366 613 1406 F.
647 1367 698 1405 ab
730 1367 988 1407 obscoenitate
1019 1374 1226 1420 purgatus.
1259 1367 1387 1406 Paris.
1427 1379 1492 1419 ap.
1533 1367 1740 1409 Sennium.

281 1431 348 1472 12.

332 1519 387 1526 --
413 1496 616 1537 Po‘e‘mata.
638 1496 822 1537 Francof.
861 1496 914 1536 ad
953 1496 1011 1535 M.
1032 1495 1220 1549 impensis
1248 1495 1313 1535 Jo.
1352 1495 1603 1545 Hartmanni‚
1633 1497 1737 1548 typis

278 1560 458 1600 Wecbel.
480 1563 520 1601 8.

336 1625 440 1662 1606
469 1624 573 1676 Opp.
590 1631 821 1677 expurgata.
839 1624 966 1663 Paris.
986 1627 1025 1663 8.

329 1711 383 1717 —-
411 1688 554 1727 Bondii
577 1702 608 1728 1.
630 1688 681 1733 Q.
703 1690 758 1727 H.
776 1689 822 1728 F.
843 1701 932 1727 cum
966 1688 1070 1727 notis
1095 1689 1162 1730 Jo.
1191 1687 1349 1728 Bondii.
1382 1688 1551 1727 Londin.
1572 1690 1611 1727 8.
1642 1688 1735 1728 Ple-

275 1765 398 1804 raque
417 1752 451 1791 is
472 1766 522 1792 ex
542 1753 682 1791 Lubini
715 1752 947 1806 paraphrasi
978 1752 1135 1797 hausit:
1165 1753 1406 1804 inservitque
1428 1751 1528 1792 bene
1559 1751 1735 1792 tironum

276 1816 431 1856 studiis.
488 1817 604 1856 Unde
624 1817 688 1857 ed.
707 1817 794 1856 haec
808 1817 1042 1856 creberrime
1057 1817 1223 1869 repetita
1242 1822 1319 1857 est.

327 1904 382 1909 -—
411 1880 561 1919 Eadem
583 1894 637 1920 11.
658 1882 866 1920 Brunsvic.
890 1883 952 1918 12.

332 1945 434 1981 1607
464 1944 570 1995 Opp.
591 1945 641 1983 ab
660 1945 919 1983 obscoenitate
937 1950 1169 1994 expurgata.
1185 1945 1306 1983 Antv.
1326 1947 1365 1983 8.

326 2029 381 2036 -—
410 2008 462 2052 Q.
479 2008 531 2045 H.
554 2008 596 2046 F.
620 2008 868 2047 Emblemata
898 2005 1135 2058 imaginibus
1167 2020 1245 2046 aere
1275 2007 1410 2046 incisis
1440 2007 1625 2060 notieque
1644 2008 1737 2048 illu·

274 2077 422 2111 strata:
454 2071 587 2110 studio
609 2071 704 2111 oth.
725 2070 869 2109 Vaenii.
887 2071 1008 2109 Antv.
1024 2083 1094 2121 per
1114 2071 1224 2110 Hier.
1244 2071 1495 2111 Verdusson.
1513 2074 1554 2111 4.

331 2136 433 2174 1608
465 2136 515 2180 Q.
529 2135 584 2173 H.
601 2135 646 2175 F.
686 2148 775 2173 cum
813 2134 967 2173 erudito
988 2134 1135 2173 Laevini
1168 2136 1359 2174 Torrentii
1392 2148 1538 2176 comm.
1571 2135 1664 2177 item
1685 2137 1732 2177 P.

275 2195 422 2239 Nannii
436 2205 579 2239 comm.
600 2199 639 2238 in
660 2199 795 2237 Artem
814 2197 1024 2250 poeticam.
1045 2199 1166 2238 Antv.
1186 2211 1234 2238 ex
1264 2200 1369 2238 offic.
1390 2199 1650 2253 Plantin.sap.
1663 2202 1734 2251 Jo.

274 2264 487 2311 Moretum,
525 2266 564 2302 4.
614 2264 721 2302 Inter
743 2263 941 2315 principes
978 2263 1145 2302 habetur
1183 2263 1227 2301 L.
1261 2263 1491 2302 Torrentius
1530 2267 1624 2314 (van
1663 2265 1734 2305 der

274 2329 454 2378 Becken)
488 2329 561 2381 Ep.
583 2328 702 2368 AntV.
723 2327 882 2367 tandem
896 2327 1146 2380 -Archiepisc.
1185 2328 1325 2368 Malin.
1347 2326 1606 2381 designatus:
1641 2327 1728 2368 'non

273 2393 402 2432 solum
421 2400 466 2431 ut
485 2393 641 2432 criticus
655 2391 881 2444 diligentior
893 2398 1044 2432 textum
1059 2392 1170 2444 vulg.
1191 2392 1230 2431 in
1251 2402 1394 2431 comm.
1411 2404 1486 2431 suo
1503 2390 1732 2432 emendavit

271 2464 311 2496 et
329 2457 528 2496 recensuit
547 2457 598 2496 ad
630 2457 748 2496 fidem
769 2457 924 2510 aliquot
949 2457 1078 2497 Codd.
1110 2456 1182 2495 sed
1215 2457 1335 2496 etiam
1374 2450 1446 2508 pro
1476 2456 1638 2508 egregia
1656 2466 1730 2496 sua

275 2521 576 2570 Grammaticos,
596 2521 838 2574 antiquitatis
858 2521 998 2569 omnis,
1017 2522 1134 2560 etiarn
1150 2521 1251 2573 juris
1271 2519 1424 2572 antiqui
1443 2520 1582 2572 peritia
1602 2518 1729 2561 Hora-

272 2586 366 2623 tium
387 2594 531 2638 praeter
550 2589 683 2626 Artem
710 2578 818 2639 poet.
848 2585 1083 2630 illustravit:
1113 2585 1343 2625 desiderant
1359 2581 1493 2624 tamon
1525 2585 1727 2637 elegantes

271 2649 308 2687 in
331 2661 377 2686 eo
399 2663 557 2689 sensum
574 2652 788 2702 poeticum.
845 2650 991 2689 Nannii
1011 2662 1156 2691 comm.
1190 2651 1231 2691 in
1264 2650 1399 2690 Artem
1417 2651 1530 2704 poet..
1544 2646 1726 2691 doctississ

272 2725 358 2751 mus
380 2713 557 2763 adjectus
578 2723 640 2754 est
659 2709 782 2754 instar
802 2715 1076 2768 supplementi.

323 2798 375 2806 --
405 2777 510 2828 Opp.
533 2787 748 2831 expurgata
765 2779 942 2832 Friburgi
963 2778 1079 2839 Hely.
1100 2781 1137 2819 8.
