1858 3184
604 284 647 321 Q.
672 282 888 313 -HoaA'rn
923 282 1110 330 11111001.
1464 270 1579 313 2009

196 501 400 544 PLURES
424 502 626 551 editores,
652 501 1021 547 commentatores,
1041 500 1085 538 et
1105 497 1376 552 interpretes,
1395 499 1441 540 ni
1462 498 1577 540 salli-

137 581 247 619 mur,
273 582 402 622 quam
429 568 549 609 ullus
571 568 685 609 alius
706 567 979 623 Scriptorum
999 563 1316 614 classicorum,
1338 566 1577 618 occupavit

138 635 357 677 Horatius
373 649 386 687 3
405 636 510 676 etin
530 635 587 675 iis
605 632 882 687 exponendis
895 632 1003 672 felix
1017 636 1061 673 et
1076 631 1304 673 elaborata
1319 638 1405 682 est,
1419 636 1469 672 ut:
1480 632 1576 685 Jam

136 702 342 753 vidimus,
376 701 553 743 Notitia
590 699 808 742 Literaria
844 698 1193 752 Bipontinorum.
1248 698 1394 739 Multa
1432 702 1577 739 tamen

133 771 312 818 restant,
330 781 430 821 quae
460 767 560 808 huic
587 777 745 807 acervo
774 763 879 805 addi
906 764 1095 817 possint.
1143 763 1206 806 At
1221 777 1303 805 nec
1323 777 1405 804 nos
1421 776 1576 816 magna

134 835 406 886 profitemur:
427 834 524 874 haec
544 844 647 874 vero
666 833 829 879 nostra,
852 830 1168 884 qualicumque
1189 843 1401 872 successu
1420 830 1576 871 collec-

133 903 194 948 ta,
210 913 311 941 cum
323 900 579 954 Bipontinis
599 911 710 940 nunc
727 897 999 951 aggredimur
1018 897 1250 949 colligare3
1279 897 1376 946 etsi,
1398 899 1446 938 111
1473 909 1576 950 pro-

133 966 280 1007 babile
299 972 378 1016 est,
398 967 442 1008 in
467 970 591 1007 tanta
610 965 850 1006 editionum
872 964 1145 1006 multitudine
1165 963 1474 1013 enumeranda,
1501 967 1576 1005 tae-

135 1032 252 1074 dium
271 1033 474 1074 lectorem
489 1033 583 1086 jam
601 1032 829 1073 invaserit.

191 1099 327 1149 Quod
348 1100 405 1140 ad
426 1099 671 1140 Editionem
695 1098 942 1151 Principem
968 1102 1157 1151 spectat,
1182 1112 1388 1152 quaenam
1406 1100 1493 1139 ista
1511 1110 1569 1138 re⁴

135 1177 238 1206 vera
252 1165 326 1214 sit,
347 1178 431 1206 non
442 1165 706 1218 disputatur,
719 1164 799 1204 sed
813 1164 865 1204 de
883 1177 988 1205 vero
1001 1165 1096 1217 ejus
1109 1165 1382 1218 typographo
1395 1178 1405 1205 z
1419 1165 1473 1205 de
1487 1176 1574 1217 quo

137 1230 239 1271 vide
260 1230 444 1271 Dibdin.
465 1231 510 1271 in
532 1230 742 1271 Biblioth.
764 1229 975 1283 Spencer.
996 1230 1084 1271 vol.
1109 1241 1139 1270 1.
1159 1243 1205 1283 p.
1225 1230 1295 1272 63.
1345 1230 1462 1271 Haec
1483 1230 1575 1270 edi-

135 1296 200 1337 tio
231 1297 297 1338 sic
322 1300 582 1338 memoratur
616 1297 661 1336 in
692 1296 901 1338 Biblioth.
931 1295 1212 1338 Askeuiana:
1244 1299 1258 1318 ‘
1274 1296 1423 1337 Editio
1456 1297 1575 1349 prin-

135 1374 255 1415 ceps,
275 1363 368 1403 sine
386 1375 512 1411 anno,
530 1362 651 1411 loco,
678 1362 748 1403 vel
775 1362 1053 1415 impressos-is
1079 1362 1270 1411 nomine,
1303 1361 1415 1402 liber
1444 1362 1572 1402 raris-

135 1429 286 1478 simus,
335 1428 582 1470 editoribus
631 1428 890 1481 incognitus,
934 1427 1162 1480 exemplar
1209 1427 1542 1481 pulcherrimum
1551 1427 1573 1465 .'

134 1494 393 1536 Editoribus
413 1507 515 1537 vero
534 1495 644 1535 liber
663 1507 777 1535 nunc
794 1495 905 1535 benc
926 1494 1125 1546 cognitus
1145 1499 1228 1535 est.

190 1561 307 1603 Inter
325 1561 538 1602 editiones
558 1560 798 1615 primarias,
823 1574 982 1614 nempe
1013 1560 1199 1602 Antonii
1231 1561 1398 1610 Zaroti,
1422 1573 1573 1601 nume-

133 1632 204 1668 rat
233 1627 464 1669 Harlesius
493 1640 624 1669 unam
652 1629 752 1670 anni
775 1628 899 1669 1471.
928 1627 1080 1680 adjicit
1097 1639 1200 1667 vero
1225 1628 1268 1667 in
1300 1627 1573 1679 parenthesi:

135 1696 149 1714 ‘
164 1706 222 1734 ex
243 1693 444 1746 catalogo
464 1696 630 1734 tantum
654 1694 860 1734 librorum
880 1693 1097 1733 venalium
1116 1691 1333 1745 quodam.’

192 1758 367 1799 Horatii
389 1758 537 1811 Opera
555 1759 712 1799 omnia.
773 1759 857 1798 Per
868 1757 1114 1798 Aruoldum
1132 1757 1186 1797 de
1208 1757 1435 1806 Bruxella,
1455 1756 1574 1799 Nea-

136 1824 227 1877 pol.
252 1824 375 1864 1474.
394 1824 480 1864 410.
539 1824 688 1877 Hujus
707 1823 925 1873 editionis,
947 1829 996 1865 ut
1021 1823 1168 1872 fertur,
1202 1824 1375 1864 unicum
1404 1827 1573 1878 tant-um

137 1889 362 1943 exemplar
381 1894 605 1942 superstes
629 1894 709 1939 est,
739 1890 782 1929 in
813 1889 1095 1930 Bibliotheca
1115 1889 1410 1943 Spenceriana
1430 1903 1573 1931 asser-

136 1958 301 1996 vatum.
360 1954 634 1995 Describitur
654 1968 681 1996 a
702 1954 899 1994 Dibdino
919 1955 965 1996 in
986 1954 1143 2007 Suppl.
1164 1954 1220 1995 ad
1251 1955 1573 1998 Bibliothecam

137 2019 487 2074 Spencerianam,
517 2019 657 2059 Lond.
678 2018 801 2060 1823.
823 2020 921 2060 Svo.

169 2097 178 2105 ·
192 2083 371 2127 Horatii
386 2084 580 2126 Odarum
593 2086 693 2127 Lib.
707 2097 774 2126 1v.
803 2087 886 2141 Ep.
903 2087 1002 2127 Lib.
1018 2098 1050 2128 1.
1079 2086 1266 2128 Carmen
1282 2086 1515 2138 SaecuIare,
1529 2091 1572 2130 et

133 2151 220 2192 Ars
242 2151 444 2201 Poetica,
461 2152 628 2193 editore
648 2152 678 2205 J
682 2165 723 2194 o.
741 2153 928 2206 Aloysio
948 2153 1169 2204 Tuscano,
1190 2154 1287 2194 sine
1306 2153 1424 2204 loco,
1443 2167 1572 2205 anno,

135 2221 178 2260 et
195 2218 485 2272 typographo,
505 2219 597 2269 sed,
616 2223 663 2260 ut
682 2223 876 2273 putatur,
893 2220 1051 2261 Romae
1070 2232 1253 2270 excusa,
1276 2220 1396 2262 circa
1412 2234 1571 2261 annum

134 2284 260 2327 1475.
317 2284 565 2327 Audiffredi
584 2285 653 2340 (in
671 2285 818 2327 Catal.
839 2286 970 2329 Editt.
999 2286 1189 2328 Roman.
1210 2300 1253 2339 p.
1273 2286 1394 2337 413.)
1422 2288 1573 2326 existi-

134 2355 224 2392 mat
243 2351 459 2404 prodiisse
485 2352 598 2392 hanc
627 2351 852 2393 editionem
879 2365 936 2394 ex
957 2352 1132 2394 officina
1159 2351 1356 2392 Barthol.
1387 2351 1571 2392 Guldin-

136 2415 298 2456 beckii.

195 2479 365 2522 Multus
380 2486 451 2523 est
462 2481 608 2522 editor
624 2482 884 2535 Bipontinus
900 2484 976 2539 (de
993 2484 1183 2524 editione
1195 2483 1278 2523 sub
1293 2495 1407 2523 anno
1420 2482 1572 2536 1520.)

139 2546 195 2587 de
214 2545 419 2587 laudibus
439 2546 551 2588 Geo.
578 2547 785 2598 Fabricii,
811 2551 886 2603 qui
914 2553 927 2572 ‘
944 2548 1163 2596 Horati0,'
1188 2552 1236 2588 ut
1262 2548 1338 2597 ait,
1366 2551 1569 2601 ‘operam

138 2613 354 2665 egregiam
378 2613 587 2662 navavit‚'
616 2615 695 2654 &c.
751 2613 814 2656 At
833 2616 1005 2669 quidem
1026 2615 1130 2655 mire
1152 2620 1283 2663 errat,
1315 2618 1362 2655 ut
1382 2615 1568 2666 videtur,

136 2691 238 2719 nam
258 2682 269 2700 ‘
284 2678 394 2720 Geo.
412 2679 640 2720 Fabricius
656 2679 996 2730 Chemnicensis,
1018 2680 1185 2733 magnis
1200 2681 1356 2734 utique
1371 2682 1476 2723 viris
1490 2695 1567 2723 an-

138 2745 444 2795 numerandus,
460 2751 577 2784 natus
594 2758 633 2786 a.
648 2746 786 2787 1516.’
826 2747 1032 2787 Centuria
1053 2746 1368 2797 Fabriciorum,
1390 2747 1566 2801 scriptis

219 2821 375 2861 Detphaet
394 2821 468 2853 γαν.
485 2822 571 2854 etue.
790 2824 908 2855 Horat.
1404 2807 1430 2855 '6
1453 2825 1482 2855 R
