1858 3184
586 267 649 297 nn
671 268 713 305 Q.
738 266 960 297 {tonario
982 264 1190 297 FLACCO.
1490 252 1608 296 1939.

164 362 216 405 de
234 364 470 413 Benedictis,
501 364 655 417 Ligure.
706 364 809 402 Cum
830 362 1002 401 Pindaro
1036 362 1242 400 Horatium
1274 360 1441 399 contulit
1460 361 1605 401 Franc.

165 427 396 467 Blondellus
432 429 619 480 singulari
647 426 922 467 dissertatione
951 426 1112 477 vulgata
1131 423 1297 471 Gallice,
1335 423 1461 462 Paris.
1487 425 1602 471 1673.

170 492 233 530 12.
253 499 370 542 atque
397 492 489 531 inde
509 492 670 530 Amstel.
694 491 888 542 docetque
914 489 1118 528 Horatium
1149 488 1275 539 magis
1292 500 1407 526 usum
1437 487 1603 539 judicio,

167 554 379 594 Pindarum
415 556 680 595 enthusiasmo
700 555 852 607 poetico
884 554 973 606 plus
1002 552 1229 591 indulsisse.
1284 551 1386 590 Vide
1419 551 1551 597 etiam,
1571 551 1605 589 si

163 617 308 668 placet,
327 619 472 670 egregii
489 621 616 670 poetae
634 619 685 657 de
702 619 742 657 la
760 619 888 658 Motte
908 616 1236 663 dissertationem,
1254 615 1394 655 eodem
1414 614 1601 653 idiomate

162 681 321 728 editam,
340 682 391 721 de
409 683 557 721 ratione
575 689 616 721 et
628 682 833 720 virtutibus
854 681 1045 720 Odarum.

214 744 403 785 Parodiaa
422 745 656 785 Horatianas
675 745 883 785 ediderunt
902 746 1023 797 Casp.
1045 743 1270 789 Cunradus‚
1304 743 1369 782 Jo.
1394 742 1492 781 Otto
1512 743 1604 782 Ma·

164 809 284 856 tiana,
301 808 447 848 Melch.
469 808 660 856 Adamus,
681 809 734 849 H.
756 810 1003 856 Meibomius,
1035 809 1175 848 Thom.
1196 806 1445 859 Sagittarius,
1463 814 1505 845 et
1533 821 1604 846 no-

161 871 319 916 vissime
335 872 477 912 Joaeh.
489 872 746 925 Henningius.
804 874 837 911 E
853 874 1047 912 veteribus
1061 872 1138 911 huc
1155 878 1310 923 spectat
1328 871 1463 922 aliquo
1483 870 1603 909 modo

161 935 347 979 Hetellus
362 936 638 988 Tegerseensis
658 937 879 976 Monachus
898 938 937 976 in
957 937 1135 982 Bavaria‚
1154 936 1222 988 qui
1237 936 1342 976 circa
1358 948 1396 974 a.
1416 935 1464 974 C.
1483 935 1605 975 1160.

159 1002 295 1046 §atria
311 1001 536 1040 Horatianis
567 1002 723 1054 scripsit
759 1002 978 1046 Quirinalia
1010 1002 1050 1040 in
1087 1002 1243 1041 laudem
1264 1001 1305 1040 S.
1327 999 1479 1045 Quirini
1499 1012 1604 1039 mar·

160 1066 268 1119 tyris,
292 1065 473 1117 Episcopi
494 1066 910 1112 Laureacensis‚edita
926 1067 976 1105 ab
989 1066 1112 1105 Henr.
1133 1066 1294 1105 Canisio
1314 1063 1487 1118 append.
1503 1064 1549 1104 T.
1569 1077 1601 1103 ι.

158 1128 250 1174 laet.
263 1129 384 1180 antiq.
403 1129 449 1168 T.
467 1142 537 1167 111.
559 1130 653 1168 edit.
672 1131 790 1168 Basn.
826 1129 979 1168 Laudat
991 1130 1097 1169 hunc
1113 1129 1435 1181 scriptorem,pro
1451 1128 1603 1175 saeculi,

161 1205 240 1244 quo
257 1192 367 1239 vixit,
393 1193 586 1239 barbarie,
620 1206 697 1231 non
730 1193 1006 1244 inelegantem,
1028 1200 1069 1232 et
1098 1193 1212 1231 odas
1232 1193 1443 1231 nonnullas
1473 1205 1523 1230 ex
1552 1204 1606 1230 eo

156 1255 275 1304 refert
292 1257 394 1295 Petr.
408 1257 582 1295 Taffinus
597 1257 646 1295 de
664 1270 728 1296 an.
753 1258 855 1296 Saec.
875 1258 920 1297 P.
942 1271 972 1296 1.
993 1271 1030 1297 c.
1052 1260 1091 1296 8.
1111 1264 1151 1296 et
1170 1257 1213 1295 Ρ.
1236 1269 1289 1295 11.
1307 1269 1344 1295 c.
1363 1255 1437 1294 ult.
1478 1255 1606 1294 Paro-

160 1317 247 1366 ὀίω
272 1319 506 1358 Horatianas
539 1328 728 1371 praeterea
755 1322 967 1372 vulgarunt
998 1321 1066 1359 Jo.
1100 1319 1303 1366 Morellus,
1335 1318 1465 1357 Musei
1495 1318 1606 1358 Rhe-

160 1380 305 1425 mensis
322 1382 820 1435 ParisiniGymnasiarcha,
840 1385 964 1423 Paris.
985 1385 1102 1423 1608.
1122 1386 1162 1422 8.
1191 1381 1338 1421 Justin.
1354 1381 1603 1430 Bertuchius,

161 1443 365 1498 Gymnaaii
400 1446 600 1485 Portensis
620 1448 778 1494 Rector,
798 1455 838 1487 et
858 1449 961 1486 Dav.
983 1447 1164 1499 Hoppius
1185 1445 1333 1485 scholae
1361 1438 1601 1497 Regiomon·

158 1514 263 1553 tane
281 1509 497 1558 Protector,
529 1512 694 1550 Brunsv.
718 1512 834 1551 1690.
857 1514 894 1551 8.
940 1512 983 1550 In
1004 1512 1069 1551 Jo.
1096 1511 1184 1549 Jac.
1204 1509 1419 1548 Hofmanni
1438 1510 1604 1549 Poema-

158 1571 276 1619 tibus,
296 1575 449 1613 excusis
470 1575 593 1614 Basil.
618 1577 734 1614 1684.
758 1578 821 1614 12.
849 1576 948 1615 liber
966 1576 1112 1627 primus
1137 1575 1289 1626 integer
1315 1574 1498 1612 Proteum
1521 1574 1603 1612 Ho-

160 1636 352 1679 ratianum
370 1638 653 1690 complectitur,
674 1640 756 1677 sive
785 1639 895 1677 Odas
916 1638 1069 1677 Horatii
1098 1638 1278 1683 selectas,
1310 1650 1409 1688 quas
1444 1636 1604 1674 exhibet

162 1699 336 1740 redditas
357 1701 462 1739 vario
490 1701 671 1739 carminis
692 1715 848 1752 genere,
882 1702 1058 1748 Alcaico,
1094 1700 1394 1746 Anacreontico,
1422 1712 1603 1750 anapaes-

163 1763 256 1810 tico,
292 1764 564 1815 Asclepiadeo,
602 1764 877 1811 choriambico,
915 1764 1106 1815 elegiaco,
1126 1764 1254 1814 epico,
1293 1763 1475 1807 iambico,
1495 1761 1602 1800 Pha-

164 1825 291 1872 laecio,
310 1826 521 1877 Sapphico,
576 1827 839 1879 Paraphrasin
870 1827 1064 1866 heroicam
1096 1826 1246 1878 aliquot
1264 1825 1428 1864 odarum
1448 1825 1604 1865 Horatii

163 1888 286 1929 habes
304 1881 421 1928 etiam
440 1890 479 1928 in
512 1891 703 1943 poematis
741 1891 939 1942 praeclaris
976 1891 1065 1930 Jac.
1084 1889 1233 1935 Wallii,
1267 1890 1359 1927 Soc.
1379 1890 1462 1928 Jes.
1481 1891 1602 1929 Antv.

167 1953 281 1993 1656.
298 1956 338 1993 8.
383 1953 430 1991 Ρ.
462 1954 615 2006 Aloysii
634 1954 871 2006 Hardevyst,
905 1954 997 1992 Soc.
1028 1954 1112 1992 Jes.
1146 1952 1404 2004 Paraphrasis
1444 1951 1601 1991 heroica

162 2015 322 2071 odarum
355 2029 487 2055 xxm.
504 2016 591 2056 libri
626 2017 753 2068 primi,
790 2018 911 2056 Antv.
951 2018 1067 2055 1711.
1088 2018 1126 2055 8.
1183 2016 1336 2055 Omitto
1357 2017 1448 2055 Car.
1469 2016 1597 2063 Ruaei,

158 2078 398 2132 aliorumque
431 2079 575 2119 similes
606 2094 715 2120 venae
750 2082 915 2133 poeticae
949 2079 1261 2120 exercitationes.
1318 2079 1455 2118 Italice
1493 2079 1595 2118 Lau·
1633 2107 1638 2114 Ι

158 2143 271 2183 rentii
288 2143 482 2191 Matthaei,
511 2144 682 2192 Reatini,
717 2145 987 2184 Metamorsosi
1020 2144 1130 2183 lirica
1158 2143 1338 2182 d'Oratio
1357 2149 1597 2195 trasportato

160 2219 183 2246 e
202 2208 425 2247 moralizato
449 2209 489 2247 in
507 2215 591 2247 tute
609 2209 646 2248 le
663 2222 733 2248 sue
749 2209 829 2248 Odi
863 2209 913 2247 ed
933 2208 1074 2260 Epodi,
1093 2221 1169 2247 con
1189 2208 1366 2246 discorso
1386 2207 1597 2259 proemiale

162 2269 202 2311 di
220 2278 367 2321 quanto
387 2274 447 2310 sia
464 2272 700 2311 difficultosa
717 2273 766 2311 ed
785 2273 993 2312 altretanto
1014 2271 1239 2324 profitevole
1259 2271 1477 2309 l'imitation
1498 2270 1596 2308 Ora-

164 2333 286 2381 tiana,
303 2347 327 2372 a
346 2335 463 2380 Rieti,
485 2337 601 2375 1679.

215 2397 428 2436 Metrorum
447 2398 748 2437 Horatianorum
766 2401 952 2439 rationem
967 2400 1222 2452 explicarunt,
1239 2410 1286 2435 ex
1303 2396 1475 2447 antiquis
1498 2395 1597 2434 Dio-

169 2458 302 2498 medes
322 2473 394 2499 111.
429 2462 534 2499 Artis
554 2462 768 2501 Grammat.
787 2478 825 2515 p.
846 2465 1038 2502 517-528.
1070 2476 1091 2501 e
1110 2460 1387 2500 recentioribus
1409 2459 1498 2498 Nic.
1519 2459 1596 2498 Pe·

162 2526 287 2559 rottus
301 2527 342 2558 et
355 2521 478 2560 Aldus
498 2523 714 2571 Manutius,
728 2539 826 2577 quos
839 2527 921 2578 jam
940 2539 1060 2577 supra
1077 2523 1287 2563 memoravi
1303 2536 1314 2566 ;
1345 2530 1427 2561 tum
1448 2522 1591 2564 Franc-

166 2582 372 2630 Patricius,
391 2585 500 2636 cujus
518 2585 615 2625 liber
626 2588 791 2640 scriptus
810 2590 883 2629 fuit
900 2590 938 2628 in
954 2589 1046 2627 bibl.
1065 2586 1296 2632 Heinsiana,
1314 2585 1389 2626 Th.
1405 2586 1588 2639 Harsley,

165 2645 290 2684 Lond.
313 2647 426 2687 1736.
448 2649 485 2688 8.
504 2657 548 2688 ut
567 2650 670 2690 Dan.
689 2653 959 2707 Bambergium
978 2651 1158 2702 aliosque
1178 2650 1368 2689 omittam.

218 2709 420 2749 Horatium
441 2724 465 2749 a
491 2711 573 2751 Jul.
606 2713 774 2754 ematis
809 2713 997 2765 Scaligeri
1027 2712 1205 2752 censuris
1238 2712 1413 2752 defendit
1445 2713 1589 2753 Bernh.

161 2771 391 2813 Parthenius
410 2775 695 2827 Spielebergius
714 2779 753 2817 in
772 2777 1049 2818 commentario
1067 2774 1117 2815 ad
1145 2775 1272 2817 Odas.
1302 2776 1415 2815 Novo
1435 2778 1590 2817 censori
