1858 3184
258 230 372 275 1888
403 229 406 231 ’

260 337 333 378 qne]
354 336 480 369 Peleus
507 342 607 378 pater
622 336 763 370 Achillis
784 338 914 378 ejectus
939 348 958 369 a

260 392 360 428 patre
373 387 478 419 AEaco
504 388 548 419 ob
574 388 727 420 Phocum
749 387 891 420 fratrem
906 388 957 419 in·

260 436 459 477 terfectum,
478 438 643 470 exulavit.

300 489 343 519 97
381 487 516 526 Projicit
539 487 705 528 ampullas]
741 487 819 520 Non
853 487 958 519 utitur

258 537 372 569 verbis
398 536 549 568 inflatis:
580 536 703 578 quibus
726 536 881 569 nimirum
908 538 957 568 uti

261 587 398 620 solebat
434 587 518 618 alias
555 587 589 617 in
626 585 765 618 fortuna
794 588 957 619 secunda.

259 638 341 676 Vel,
354 636 481 676 Rejicit
491 635 597 667 verba
612 635 744 677 inflata,
754 646 794 669 ac
811 638 959 679 turgida,

260 686 476 727 animumque
508 686 657 727 regium;
684 692 721 718 et
748 687 863 718 humili
891 697 960 719 ser-

259 747 360 769 mone
375 737 528 769 miserias
541 747 618 768 suas
631 736 869 780 fortunamque
881 748 958 779 pro-

260 788 370 829 ponit.
413 787 529 819 Graeci
555 797 622 819 uon
649 788 805 819 dissimili
825 789 959 820 ratione

260 837 382 869 dicunt
395 836 575 878 φυσήματα,
591 847 653 878 pro
676 837 766 868 inani
788 838 959 869 hominum

259 887 410 919 sutilium
436 888 659 928 garrulitate:
683 897 759 918 nam
780 887 868 928 φύσα
882 898 961 929 pro-

259 938 435 979 priesollis
456 938 594 978 dicitur,
613 938 693 970 hinc
715 939 884 979 accipitur
899 948 960 980 pro

253 988 342 1029 flatu
356 999 367 1019 .·
405 988 482 1019 binc
514 987 654 1028 φύσημα,
680 987 844 1028 ἀλαζονία,
873 998 961 1020 arro-

258 1039 396 1078 gantia:
419 1038 577 1070 Ciceroni
601 1039 780 1070 verborum
803 1039 961 1071 inanitas.

264 1088 362 1128 (ἔνιαι.
420 1087 511 1119 Vide
528 1088 694 1119 Hadrian.
715 1088 854 1120 Juniurn
870 1088 962 1120 Ada-

262 1139 394 1177 giornm
413 1138 515 1169 cent.
538 1145 564 1167 1.
594 1141 631 1168 et
659 1137 808 1169 Turneb.
825 1146 892 1170 vu.
910 1140 962 1170 19.

261 1191 298 1219 et
327 1195 380 1218 lx.
412 1188 443 1217 3.
488 1186 623 1225 Projicit
649 1186 816 1227 ampullas]
847 1187 964 1228 Longe

263 1246 330 1268 ase
349 1237 474 1277 rejicit.
519 1236 751 1277 Sesquipedaliu
760 1237 867 1279 verba]
881 1238 965 1269 Ver-

262 1286 308 1317 ba
326 1287 428 1326 longa
452 1292 488 1318 et
503 1286 643 1317 nimium
664 1287 847 1327 producta,
869 1297 961 1328 pom-

263 1345 349 1377 posa
365 1341 402 1367 et
417 1336 611 1376 magnifica.

306 1389 349 1418 98
371 1387 411 1418 Si
439 1389 528 1417 curat
553 1396 605 1417 cor
627 1387 797 1426 spectantis
821 1387 965 1426 tetigisse

264 1435 404 1477 querela]
426 1436 462 1467 Si
478 1440 708 1476 spectatorem
724 1436 768 1467 ad
789 1437 966 1468 commise-

265 1486 432 1518 rationem
448 1495 585 1517 movere
598 1485 727 1518 studet.
771 1487 781 1504 ‘
795 1485 967 1526 Tangere'

264 1538 446 1578 eleganter
471 1537 558 1568 dixit
585 1546 647 1578 pro
671 1538 818 1568 movere.
874 1537 966 1567 Nun—

264 1589 348 1619 nius.
364 1588 444 1618 Pet.
459 1587 606 1618 Victorii
628 1587 709 1618 Var.
727 1587 824 1618 Lect.
840 1595 918 1618 xiv.
932 1589 965 1618 2.

263 1638 307 1670 Si
321 1641 411 1669 curat
433 1637 501 1678 cor]
525 1637 560 1668 Si
583 1636 737 1668 dolorem
762 1636 968 1677 spectatori-

267 1687 330 1718 bus
355 1687 438 1718 velit
463 1687 610 1718 inurere.
654 1686 809 1726 Tetigisse
827 1686 965 1727 querela]

268 1736 501 1769 Commovisse
516 1736 740 1777 querimonia.

309 1789 353 1818 99
376 1787 452 1817 Non
465 1786 545 1818 satin
566 1789 613 1818 est
630 1787 740 1827 pulcra
750 1786 829 1827 esse]
851 1787 966 1826 Expo-

266 1836 346 1868 sitio
362 1837 441 1868 noni
460 1837 642 1877 praecepti,
657 1837 715 1868 ubi
737 1839 881 1878 primum
896 1837 967 1878 ejus

267 1887 355 1918 ratio
370 1887 564 1917 continetur
584 1887 627 1917 ab
650 1886 789 1927 effectu,
804 1886 966 1918 videlicet

267 1936 496 1967 delectatione
512 1935 705 1966 auditorum
728 1946 767 1967 ac
793 1942 964 1976 spectato-

265 1995 366 2017 rum:
406 1995 481 2025 quae
526 1985 696 2016 sententia
724 1986 917 2016 illustratur
946 1996 966 2017 a

215 2062 225 2065 -
268 2035 453 2067 contrario.
497 2034 646 2073 Deinde,
670 2035 862 2075 cujusmodi
892 2044 964 2066 ver·

269 2086 315 2117 ba
330 2095 370 2117 ac
385 2090 502 2126 gestus
525 2085 676 2125 quamvis
699 2084 872 2115 histrionis
890 2093 965 2115 sen-

269 2136 415 2168 teutiam
438 2134 598 2173 deceant,
620 2143 682 2174 per
706 2133 839 2174 species
861 2143 965 2173 expo-

268 2186 332 2217 nit.
377 2185 533 2216 Piscator.
580 2183 655 2214 Non
677 2182 839 2224 naseu]
862 2183 966 2214 Brevi

269 2236 334 2268 hoc
356 2236 505 2267 carmine
530 2239 638 2266 totam
661 2235 796 2276 poEsios
818 2234 966 2266 indolem

270 2289 508 2326 representat,
537 2290 574 2316 et
600 2284 762 2327 quicquid
785 2283 967 2316 artificium

271 2336 447 2377 poeticum
472 2335 636 2376 requirat,
668 2334 830 2366 ostendit.
876 2334 968 2366 Non-

273 2386 358 2417 nius.
396 2385 538 2416 Pulchra
551 2394 617 2418 me
627 2384 786 2426 potinum]
801 2383 968 2416 Poemata

273 2436 403 2468 diserta
426 2440 463 2467 et
488 2434 680 2476 magnificis
710 2435 821 2466 verbis
843 2434 967 2466 redun-

274 2486 403 2518 dantia.
452 2486 582 2526 Dulcia]
596 2485 734 2526 Suavia,
745 2485 966 2527 ψυχαγωγικὰ,

274 2538 412 2568 animum
433 2537 598 2573 muntia,
623 2536 808 2577 pathetica,
835 2535 967 2568 affecti-

274 2585 338 2616 bus
368 2587 481 2626 plena.
506 2586 661 2618 Nunnius.
718 2586 834 2619 Dulcia
860 2586 967 2627 cuuto]

274 2634 381 2666 Dulci
394 2636 550 2668 oratione
565 2636 755 2668 auditorum
768 2636 902 2668 >animos
919 2636 967 2667 al·

276 2684 402 2716 liciant.
447 2686 564 2727 Sumo]
576 2687 735 2718 Formula
747 2691 821 2718 erat
835 2686 967 2728 legisla-

276 2734 406 2767 toribus
433 2735 635 2775 familiaris3
673 2738 787 2778 quales
817 2741 897 2768 sunt
932 2740 969 2768 et

275 2786 287 2805 ⁸
312 2785 462 2827 agontm'
499 2789 507 2804 ⁸
531 2786 694 2826 dicunto,'
736 2787 746 2804 ‘
771 2785 970 2827 patiuntor.·'

642 251 647 257 ·
695 269 698 273 .
726 244 868 275 NOTAE
901 244 1166 275 VARIORUM
1201 245 1252 275 {N

1014 338 1098 369 Vult
1118 337 1283 369 Horatius
1313 340 1351 368 ut
1377 335 1488 369 Poe'ta
1513 335 1651 371 hamt
1672 338 1706 370 ia

1011 387 1166 419 omnibus
1182 386 1359 419 affectibus
1367 387 1571 426 auditorem,
1581 386 1622 419 in.
1630 388 1708 420 tris·

1012 438 1103 469 tibus
1120 443 1278 477 moereat,
1293 438 1326 468 in
1341 437 1429 469 laetis
1444 437 1560 469 alacer
1571 437 1629 479 sit,
1640 439 1709 472 he.

1012 487 1171 518 Nunnius.

1055 539 1117 568 100
1139 537 1290 569 Animum
1303 536 1457 568 auditoris
1468 537 1602 579 agunto]
1628 536 1710 569 Aut.
1724 577 1730 582 Ι

1012 596 1103 618 mum
1124 597 1227 628 agere
1255 587 1343 618 dixit
1359 586 1494 627 Cicero,
1519 588 1710 619 voluntates

1012 636 1184 668 hominum
1209 638 1386 678 impellere
1410 647 1478 679 quo
1498 637 1597 677 velis,
1618 637 1710 669 nude

1013 691 1128 718 autem
1147 687 1229 719 velis
1246 687 1430 719 abducere.
1443 688 1542 729 Cruq.
1563 688 1710 758 Agunia]

1013 736 1212 778 Impeuant.

1056 789 1116 818 101
1144 788 1188 819 Ut
1208 787 1383 818 ridentibus
1402 785 1559 826 arrident]
1594 788 1712 818 Docet

1013 836 1180 878 quomodo
1207 837 1422 868 obtineamus
1447 836 1497 878 id,
1522 836 1612 877 quod
1637 836 1710 877 jam

1013 893 1094 919 ante
1107 887 1248 920 dictum.
1291 888 1328 919 Si
1345 887 1481 929 quosvis
1496 888 1646 919 inserere
1662 888 1711 919 af·

1014 936 1130 970 fectus
1146 938 1301 978 velimus,
1319 948 1406 979 opus
1422 938 1489 970 erit
1504 942 1542 969 ut
1558 938 1645 970 tales
1661 937 1711 969 ef-

1014 989 1179 1026 ficiamur,
1196 990 1314 1031 quales
1327 989 1503 1030 cupiamus
1519 989 1600 1020 alios
1611 987 1714 1025 effici,

1015 1044 1053 1070 ut
1069 1038 1172 1070 docet
1196 1039 1450 1072 Quinctiliauus
1470 1042 1564 1071 vus.
1609 1039 1712 1071 Prius

1015 1087 1202 1120 efficiamur
1229 1089 1309 1130 ipsi,
1334 1093 1374 1120 ut
1405 1089 1490 1133 alios
1514 1088 1713 1121 efficiamus.

1015 1138 1080 1170 Est
1106 1147 1263 1179 namque,
1277 1136 1453 1176 συμπάθεια
1474 1138 1509 1169 iu
1531 1138 1640 1177 vultu,
1662 1142 1714 1178 nt,

1017 1188 1122 1229 qualis
1135 1188 1278 1230 quisque
1293 1188 1441 1227 videtur,
1452 1188 1554 1219 talem
1566 1192 1716 1220 assumat

1016 1238 1176 1271 animum.
1200 1238 1361 1270 Nunnius.
1408 1238 1452 1269 Ut
1475 1237 1650 1269 ridentibus
1662 1246 1716 1268 or-

1014 1291 1136 1332 rident]

1017 1340 1102 1372 dicit
1122 1340 1247 1372 Horat.
1267 1340 1308 1371 'nt
1331 1341 1362 1370 in
1379 1339 1510 1370 illorum
1526 1339 1656 1370 animos
1678 1344 1715 1371 et

1016 1390 1174 1429 gaudium
1198 1394 1235 1420 et
1261 1397 1384 1420 maeror
1413 1387 1516 1420 facile
1541 1385 1714 1420 transmit-

1017 1442 1147 1475 tantur,
1172 1439 1228 1470 nbi
1256 1439 1478 1470 recitatorem
1502 1442 1560 1470 aut
1575 1438 1716 1470 hilarem
1770 1432 1773 1434 ’

1016 1494 1075 1520 aut
1091 1494 1241 1520 maestum
1257 1489 1408 1520 audiunt.
1444 1488 1567 1530 Itaque
1581 1498 1716 1530 prorsus

1015 1538 1216 1579 legendum:
1246 1539 1291 1570 Ut
1305 1538 1479 1570 ridentibus
1493 1538 1647 1578 arrident,
1668 1539 1717 1570 ita
1748 1542 1755 1546 “

1008 1588 1163 1630 flentibus
1175 1588 1292 1630 adflent
1305 1588 1447 1620 Humani
1460 1589 1579 1620 vultua-
1624 1586 1716 1620 Illud

1016 1638 1125 1677 ipsum
1142 1643 1195 1669 est
1210 1638 1300 1679 quod
1316 1648 1395 1670 mox
1417 1638 1535 1670 addit:
1556 1637 1596 1670 Si
1607 1638 1656 1670 tia
1667 1648 1716 1670 me

1010 1687 1095 1729 flere
1113 1689 1276 1720 dolendum
1289 1690 1412 1729 eume.
1456 1689 1513 1721 De
1530 1688 1636 1720 verbo
1658 1698 1716 1720 au-

1019 1742 1088 1768 tem
1103 1738 1235 1779 adflent,
1254 1738 1303 1770 uil
1317 1747 1430 1770 causae
1451 1743 1515 1778 est,
1530 1744 1569 1770 ut
1582 1739 1717 1780 opinor,

1020 1796 1080 1818 cur
1093 1787 1220 1828 aliquid
1235 1787 1392 1820 dicatur:
1415 1797 1493 1819 narn
1509 1788 1601 1829 apud
1613 1787 1717 1820 Plau·

1021 1840 1091 1868 tum
1123 1838 1294 1877 reperitur
1321 1837 1357 1868 in
1386 1837 1495 1869 Persa
1507 1848 1517 1868 :
1554 1837 1604 1868 En
1627 1836 1716 1870 tibi:

1018 1887 1103 1918 ‘Sed
1121 1888 1222 1928 louge
1237 1887 1280 1919 ab
1293 1886 1436 1919 Athenis
1449 1897 1526 1919 esse
1535 1897 1569 1919 se
1581 1892 1716 1929 gnatam

1018 1941 1184 1975 autumet,
1200 1938 1245 1967 Et
1256 1944 1294 1968 ut
1316 1936 1454 1976 adflent,
1470 1947 1573 1978 quum
1589 1947 1630 1968 ea
1645 1946 1716 1969 med

1018 1983 1152 2016 moret.'
1196 1985 1326 2016 Iterum
1351 1986 1386 2016 in
1410 1985 1564 2022 Paenulo,
1583 1988 1643 2018 ‘ut
1658 1987 1718 2018 ad·

1018 2033 1110 2066 fletl'
1155 2034 1210 2067 Ita
1225 2039 1261 2066 et
1284 2036 1294 2053 ‘
1308 2035 1514 2076 adplorare,’
1532 2045 1606 2077 quo
1633 2036 1717 2067 alibi

1019 2094 1098 2115 usus
1128 2089 1181 2116 est
1208 2085 1384 2117 Horatius.
1409 2085 1521 2117 Faber.
1575 2079 1718 2126 Aac-me]

1020 2134 1154 2167 Praesto
1183 2141 1275 2175 sunt,
1303 2136 1385 2177 quia
1406 2135 1561 2167 similiter
1582 2144 1718 2177 semper

1020 2183 1169 2216 afficitur
1191 2185 1218 2216 is
1240 2185 1299 2227 qui
1315 2186 1424 2224 audit,
1437 2190 1539 2227 atque
1553 2186 1581 2218 is
1596 2188 1653 2228 qui
1666 2184 1716 2218 af*

1020 2233 1132 2267 sectus
1144 2240 1337 2267 commovet
1352 2235 1510 2267 dicendo.

1062 2288 1125 2317 102
1162 2285 1306 2317 Humani
1331 2285 1454 2327 eunus]
1499 2283 1715 2325 mpmoej

1020 2335 1078 2376 qni
1095 2345 1161 2366 non
1177 2335 1252 2367 duri
1274 2344 1338 2367 nec
1364 2334 1478 2376 rigidi,
1491 2333 1552 2365 aed
1573 2334 1715 2366 mobiles

1020 2385 1143 2416 adsunt
1158 2389 1194 2417 et
1208 2385 1350 2417 flexibili
1363 2388 1468 2418 motu.
1490 2384 1650 2416 Nunnius.

1066 2439 1124 2468 103
1151 2437 1250 2477 Τκπο]
1274 2437 1385 2469 Quum
1405 2436 1478 2477 ipae
1503 2435 1631 2476 primus
1654 2435 1714 2466 do·

1019 2485 1118 2526 lehis,
1142 2487 1175 2518 0
1193 2486 1361 2527 Telephe,
1378 2485 1432 2517 vel
1454 2485 1577 2527 Peleu,
1592 2484 1635 2516 id
1649 2491 1714 2526 est,

1023 2540 1060 2567 tu
1074 2530 1206 2574 histrio,
1216 2536 1272 2576 qui
1288 2536 1322 2566 in
1337 2544 1439 2567 scena
1452 2535 1512 2567 hos
1527 2532 1715 2577 represent:

1022 2590 1082 2617 tas.
1129 2587 1196 2618 Tua
1221 2595 1267 2617 me
1285 2585 1456 2624 infortunio
1480 2586 1610 2628 leden]
1630 2585 1713 2618 Tan

1022 2637 1231 2669 calamitates
1246 2644 1300 2668 me
1315 2635 1438 2667 dolore
1448 2633 1608 2668 afficient.
1642 2652 1644 2654 v

1065 2690 1127 2719 104
1149 2687 1237 2719 Male
1251 2686 1434 2718 simu-aut·
1446 2683 1596 2726 loqueris]
1615 2685 1652 2718 Si
1665 2684 1714 2725 ini

1022 2737 1184 2769 decenter
1207 2746 1278 2768 rem
1304 2735 1367 2768 tibi
1392 2736 1587 2767 mandatam
1600 2731 1713 2775 expri⁴

1023 2796 1106 2827 mes,
1123 2787 1234 2819 verbis
1249 2792 1349 2819 utens
1360 2795 1394 2818 -a
1416 2794 1562 2827 persona
1577 2782 1711 2817 vel-for·

1179 1291 1236 1322 Ita
1248 1294 1550 1331 comparatos-esse
1564 1282 1715 1321 homines
1761 1310 1769 1314 -
