1858 3184
256 201 370 244 1876

256 305 316 341 tia,
346 305 403 347 qui
443 303 632 336 credebant
661 304 843 346 unicuique
878 314 954 336 nos-

256 362 346 388 trum
363 355 586 396 paedagogum
609 355 683 386 dari
699 355 826 394 Deum,
841 355 954 396 singu-

254 406 445 441 lisscilicet
460 405 608 437 Genium
619 410 653 436 et
665 404 846 437 Juuouem.
890 405 951 436 At-

255 465 323 497 que
350 455 427 486 hinc
438 455 554 486 ·toties
570 455 603 486 in
621 454 766 486 vetustis
779 455 953 494 marmori·

254 504 318 536 bns
349 513 463 536 ouum
486 512 634 535 mseuo.
661 511 776 535 ennio
803 512 952 535 smero.

256 564 371 588 cumo
388 563 663 587 GUBERNA'rom.
687 563 802 587 onum
827 563 871 587 m*
893 564 953 586 LA-

255 613 375 637 mmtS.
391 612 463 636 neo
477 612 670 636 romum.
686 613 844 636 τυτκωῑ.
867 613 954 636 ron-

254 663 362 686 'ruuAE
373 663 679 695 cousnuvs'rrucr,
698 659 735 686 et
755 655 806 686 his
831 655 953 687 similia

255 704 411 745 legimus.
454 704 525 735 Sed
555 710 591 736 et
618 714 734 736 servos
765 714 827 746 per
856 704 954 735 ‘heri

255 754 428 794 Genium‚’
443 758 480 785 ut
504 755 645 786 ancillas
673 764 734 795 per
760 754 955 787 ‘Juuonem

254 803 419 835 domiuae'
428 804 547 845 jurare
569 805 698 845 solitos,
716 809 753 836 ut
779 814 840 844 per
862 804 954 836 ‘Ge-

253 855 347 887 nium
364 853 527 886 Caesaris'
553 855 724 886 Romanos
746 864 875 893 omnes,
898 863 956 885 ne·

255 913 311 936 mo
329 904 364 935 in
377 903 501 935 litteris
517 908 671 935 versatus
690 903 835 944 ignorat.
858 904 955 935 Idem

258 959 373 986 autem
390 953 448 995 qui
464 958 500 986 et
513 958 521 972 ⁸
531 954 629 985 Deus
651 954 775 985 natalis
788 953 796 966 '
809 953 956 993 Tibullo,

255 1007 292 1035 et
305 1003 401 1035 aliis:
419 1003 541 1045 quibus
552 1013 596 1034 ex
611 1003 757 1036 Horatio
774 1004 954 1044 plurimum

254 1053 341 1085 lucis
357 1052 503 1085 secedit.
549 1053 628 1084 Nou
651 1053 730 1084 solis
745 1062 825 1084 vero
850 1053 956 1084 homi-

254 1103 368 1141 nibus,
392 1102 452 1133 sed
478 1105 514 1132 et
533 1100 688 1133 fontibus
709 1107 745 1133 et
768 1101 894 1141 fluviis,
917 1108 956 1136 et

256 1151 452 1192 regionibus
467 1150 679 1192 urbibusque
695 1151 746 1182 sui
760 1151 853 1192 apud
867 1152 953 1182 snti-

255 1211 339 1243 quos
355 1206 364 1220 ‘
379 1201 471 1241 genii
483 1200 492 1215 '
512 1200 625 1235 fuere:
650 1211 753 1243 usque
771 1201 858 1233 adeo
874 1201 954 1233 nihil

257 1261 401 1292 usquam
429 1251 502 1282 sine
532 1251 670 1282 numine
698 1260 774 1282 esse
799 1251 957 1283 credide-

255 1305 347 1337 runt.
389 1299 541 1332 Turneb.
558 1309 599 1331 u.
613 1303 664 1331 15.
685 1301 774 1332 Tor-r.
820 1301 956 1341 Genius]

257 1350 389 1384 Genius
406 1355 537 1380 naturae
558 1350 666 1388 Deus,
681 1350 737 1390 qui
754 1350 852 1381 simul
880 1360 955 1382 cum

254 1400 392 1431 homine
418 1398 572 1430 nascitur
593 1402 630 1430 et
657 1398 849 1438 moritur‚·1‘7
873 1398 956 1439 τύχη

257 1448 406 1490 ἑκάστου,
422 1448 556 1488 fortuna
577 1447 731 1489 cuiusque.
778 1449 892 1480 Natale
907 1461 956 1481 co-

257 1509 321 1537 mes
336 1499 390 1541 qui
415 1502 577 1539 temperat,
591 1499 660 1539 ξω]
686 1498 753 1531 Qui
768 1507 882 1530 comes
897 1509 956 1531 no-

257 1550 310 1582 bis
341 1549 521 1590 adjunctus
559 1547 723 1580 iufluxum
753 1549 956 1590 provenien·

258 1603 328 1631 tem
344 1599 387 1630 ab
405 1603 510 1640 astro,
526 1598 614 1640 quod
631 1608 691 1629 nos
706 1604 888 1631 nascentes
904 1609 956 1630 as-

257 1650 367 1691 pexit.
396 1650 486 1690 regit
508 1653 545 1680 et
573 1649 784 1680 moderatur.
830 1649 956 1693 Tempe·

256 1702 310 1730 rat
323 1697 458 1738 astrum]
481 1697 669 1739 Aspectum
694 1702 861 1730 astrorum
882 1699 958 1731 feli·

260 1757 335 1780 cem
363 1746 459 1787 facit,
480 1751 518 1779 et
539 1747 631 1778 sidus
656 1748 847 1779 natalitium
866 1749 958 1790 quod

258 1798 438 1840 ὥρόσκοπον
453 1798 627 1830 nominant
642 1797 795 1839 ἆστριταί.
821 1800 916 1840 Cruq.

305 1852 367 1880 188
390 1848 541 1880 Mortalis
564 1848 597 1879 in
613 1850 860 1891 unumquodque]
891 1851 957 1883 Qui

259 1908 465 1940 unoquoque
499 1902 654 1929 nostrum
684 1903 829 1938 mortuo,
858 1900 958 1930 mori-

260 1954 328 1980 tur.

302 1999 366 2028 189
388 1995 571 2036 Μιιέαὺίὶὶε]
606 1996 712 2035 Alius,
735 1999 837 2037 atque
862 1997 957 2030 alius.

259 2048 351 2080 Nam
376 2056 454 2078 suus
469 2046 605 2087 cuique.
650 2046 780 2078 Genius
805 2047 878 2078 aliis
905 2053 958 2079 est

258 2096 445 2131 dissimilis.
487 2096 590 2127 Albus
611 2099 643 2127 et
668 2096 752 2137 ater]
777 2097 893 2128 Bonus
921 2103 957 2129 et

259 2149 378 2183 malus,
395 2156 540 2188 prosper
555 2151 591 2178 et
606 2146 780 2178 adversus.

259 2216 265 2231 .·
305 2199 367 2229 190
394 2197 488 2237 Utar,
503 2199 534 2228 et
555 2206 595 2228 ex
608 2195 741 2236 modico]
759 2196 921 2228 Horatius
938 2207 958 2228 a

260 2255 323 2278 sua
338 2255 484 2287 persona
497 2245 712 2277 commendat
736 2246 838 2277 Floro
854 2246 957 2278 bono·

261 2307 336 2329 rum
354 2302 529 2339 partorum
543 2307 637 2329 nsum
650 2298 873 2330 moderatum.

307 2350 367 2379 191
394 2347 528 2389 Touam]
546 2348 694 2379 Sumam.
717 2348 858 2379 Metuam
867 2349 957 2391 quid]

262 2398 338 2430 Nec
353 2398 434 2430 mihi
449 2399 515 2430 erit
529 2408 632 2430 cura*-

306 2450 370 2479 192
392 2448 490 2479 Datis
503 2447 671 2489 inumera]
686 2448 828 2481 Relictis
848 2459 868 2481 a
891 2459 957 2481 me.

261 2498 365 2538 Idem]
381 2499 511 2530 Tamen
524 2508 588 2539 ego
599 2499 700 2532 idem.

310 2549 371 2578 193
397 2548 556 2582 Quantum
570 2547 718 2589 simplex]
741 2549 832 2582 Quid
855 2549 959 2582 inter-

262 2594 307 2625 sit
324 2595 414 2627 inter
431 2597 603 2629 liberalem
620 2604 656 2630 et
670 2598 961 2640 prodigum.inter

262 2653 405 2684 parcum
429 2651 465 2678 et
494 2657 646 2679 avarum.
692 2648 824 2691 Nepoti]
848 2649 960 2681 Luxu-

263 2702 369 2724 noso.
691 2711 695 2716 ·

307 2746 368 2776 195
393 2745 503 2778 Distat
530 2748 628 2788 enim]
653 2750 800 2782 Multum
825 2751 897 2783 haec
912 2750 961 2783 ἰῆ-

722 210 864 242 NOTAE
899 211 1166 242 VARIORUM
1197 211 1250 241 IN

1008 309 1061 339 ter
1084 315 1120 336 se
1147 304 1358 345 discrepant,
1372 313 1422 336 sc.
1444 306 1503 336 tus
1528 305 1699 337 luxuriose

1009 354 1230 395 profundere,
1267 359 1438 394 sumptum
1473 353 1622 386 libenter
1648 354 1700 386 fa·

1008 414 1100 445 cere,
1129 410 1165 436 et
1191 413 1295 435 avare
1323 413 1458 444 semper
1482 403 1583 445 plura
1609 412 1701 446 qun-

1008 463 1096 485 rere.

1052 506 1113 535 197
1139 503 1224 534 Puer
1250 506 1286 534 ut
1314 503 1414 542 sertis
1445 502 1706 544 Quinquatribus]

1008 554 1300 586 Quemadmodum
1311 553 1407 594 pueri
1417 552 1718 595 Quinquatribus

1007 603 1041 633 id
1063 608 1127 642 est,
1150 604 1299 644 quinque
1315 603 1436 635 diebus
1457 602 1554 635 festis
1570 603 1704 635 Miner·

1008 662 1058 684 vae
1074 653 1211 691 dicatis,
1231 653 1356 693 raptim
1377 653 1538 685 fruuntur
1557 662 1598 685 eo
1620 658 1705 686 tem-

1008 711 1089 742 pore
1113 701 1200 743 quod
1220 702 1269 732 eis
1296 702 1407 739 datur,
1424 703 1474 734 its
1499 707 1534 734 et
1563 707 1614 743 tu,
1636 705 1703 735 &cz

1009 751 1272 792 Quinquatribus]
1319 752 1376 783 Sic
1405 752 1530 785 Juven·
1565 754 1639 785 Sat.
1666 763 1703 787 x.

1008 803 1209 843 ‘Eloquium
1231 809 1291 835 aut
1313 803 1436 836 famam
1461 806 1705 837 Demosthenis

1009 857 1066 883 aut
1082 852 1260 885 Ciceronis
1276 853 1406 895 Incipit
1425 859 1560 895 optare,
1571 860 1608 887 et
1623 856 1704 887 totis

1000 902 1280 944 >Quinquatribus
1297 909 1409 944 optat,
1422 905 1581 946 Quisquis
1595 905 1706 937 adhuc

1007 961 1076 983 uuo
1107 956 1241 992 partam
1273 954 1359 984 colit
1383 963 1457 986 asse
1487 954 1704 987 Minervam!

1007 1000 1076 1032 Qui
1090 1000 1183 1031 locus
1201 1010 1380 1041 puerorum
1395 1003 1469 1034 dies
1479 1002 1586 1035 festos
1597 1003 1704 1035 fuisse

1008 1049 1162 1096 declarat
1183 1052 1193 1068 ‘
1210 1051 1447 1092 Quinquatrus
1460 1053 1482 1084 :⁹
1512 1054 1562 1085 sie
1594 1053 1705 1085 dieto·

1009 1099 1098 1139 quod
1115 1100 1265 1141 quinque
1290 1101 1332 1133 ab
1353 1101 1471 1133 Idibus
1490 1102 1611 1134 Martii
1632 1103 1706 1135 die·

1009 1158 1082 1180 rum
1097 1158 1260 1187 numerus
1268 1152 1324 1187 sit,
1342 1156 1381 1183 ut
1395 1151 1526 1184 Gellius
1541 1152 1683 1185 tradidit
1696 1163 1707 1192 ;

1008 1202 1070 1229 aut
1098 1199 1189 1239 quod
1217 1206 1294 1241 post
1320 1202 1412 1234 diem
1440 1203 1594 1244 quintum
1624 1202 1706 1234 mm

1010 1247 1142 1289 Martii,
1157 1254 1196 1282 ut
1224 1252 1354 1284 Varro:
1378 1252 1422 1284 de
1439 1252 1558 1284 iisdem
1573 1261 1707 1294 qnoque

1010 1297 1130 1329 Festus
1143 1306 1179 1331 et
1195 1301 1401 1334 Macrobius.
1427 1302 1567 1335 Tor-rent.
1603 1302 1706 1342 Olim]

1010 1347 1202 1382 Interdum.

1053 1399 1116 1428 198
1138 1398 1282 1439 Raptim]
1313 1401 1493 1433 Celeriter.

1052 1449 1115 1478 199
1146 1449 1319 1490 Pauper-ies
1343 1451 1518 1494 immundo]
1553 1452 1706 1493 Pauper·

1010 1498 1074 1531 tas,
1095 1495 1214 1528 domus
1230 1499 1370 1532 sordida
1385 1501 1634 1542 etiuelegsns.⁴
1661 1503 1707 1535 U-

1007 1548 1091 1576 trum
1107 1545 1197 1578 Nave
1211 1548 1307 1585 seror
1330 1560 1458 1590 mgna,
1479 1551 1548 1591 ξω]
1569 1552 1633 1583 Est
1647 1551 1708 1583 ΑΙ·

1007 1594 1144 1635 legoria.
1189 1598 1312 1631 Utrum
1325 1610 1369 1631 ex
1385 1602 1517 1641 magnis
1541 1602 1707 1634 reditibus

1013 1654 1122 1677 vivom
1138 1657 1180 1679 an
1197 1650 1324 1689 parvis.

1053 1698 1118 1728 200
1139 1700 1242 1731 Feror
1255 1701 1351 1742 uns]
1377 1700 1432 1733 Ad
1457 1710 1590 1734 omnem
1605 1711 1707 1734 even·

1013 1758 1085 1785 tum
1102 1751 1370 1792 imperturbatus
1379 1759 1451 1782 ero.

1055 1805 1119 1835 201
1144 1801 1287 1833 Tumidis
1311 1800 1403 1841 velis]
1440 1799 1556 1832 Nimia
1596 1799 1707 1834 felici-

1013 1858 1098 1894 tate,
1112 1851 1146 1883 id
1168 1855 1236 1887 est,
1251 1859 1319 1882 non
1333 1859 1447 1881 sumus
1463 1849 1643 1882 admodum
1657 1846 1709 1882 ‹li›

1013 1905 1112 1934 vites.

1053 1954 1118 1983 202
1142 1952 1215 1982 Non
1237 1950 1356 1990 tumen]
1381 1950 1457 1981 Nou
1477 1954 1590 1982 tamen
1606 1953 1708 1992 egeni

1011 2011 1126 2033 sumus
1140 2006 1177 2032 et
1200 1999 1299 2031 valde
1316 2008 1496 2039 pauperes.
1540 2000 1708 2042 Advenis]

1010 2051 1142 2083 Aversis
1158 2055 1227 2082 tres
1241 2049 1404 2088 codices3
1430 2049 1492 2081 sed
1507 2049 1590 2082 nihil
1600 2055 1707 2084 muto.

1013 2101 1158 2132 Torrent.

1052 2152 1116 2181 203
1147 2148 1288 2188 Viribus]
1310 2149 1519 2182 valetudine
1532 2151 1709 2192 corporis.

1011 2201 1136 2243 Specie]
1158 2203 1295 2233 Decore
1309 2206 1460 2235 externo.
1501 2203 1598 2246 Low]
1621 2203 1708 2236 Grn-

1012 2251 1056 2283 du
1073 2257 1108 2283 et
1127 2251 1283 2292 pecunia.

1054 2304 1117 2333 204
1141 2301 1288 2333 Extrmi
1309 2302 1495 2343 primorum]
1522 2302 1632 2334 Medii
1653 2312 1708 2335 su-

1012 2360 1085 2382 mus
1097 2351 1186 2382 inter
1201 2360 1347 2382 summos
1363 2355 1399 2382 et
1414 2350 1559 2382 intimos.

1053 2405 1117 2435 2⁰5
1141 2402 1217 2433 Nou⁴
1228 2397 1398 2434 bavarus?
1415 2401 1480 2434 abi.
1494 2402 1569 2442 quia
1577 2402 1708 2443 cetera]

1017 2453 1123 2484 Locus
1135 2452 1190 2484 hic
1208 2452 1302 2483 varie
1316 2451 1451 2493 legitur.
1475 2451 1706 2483 Preterduos

1014 2501 1136 2533 Bland.
1159 2510 1276 2532 omnes
1296 2509 1379 2541 quos
1399 2499 1480 2542 legi,
1502 2501 1623 2542 scripti
1644 2502 1706 2534 hs-

1012 2551 1108 2585 beat,
1129 2560 1190 2582 non
1210 2560 1243 2582 es
1261 2548 1396 2583 urm-us?
1418 2559 1495 2582 cum
1517 2550 1707 2592 interrog»

1014 2601 1114 2632 tionis
1144 2606 1248 2632 nota:
1270 2600 1346 2632 obi.-
1373 2601 1448 2641 quid
1471 2604 1608 2633 ooetem
1628 2609 1706 2633 omn

1015 2651 1296 2691 interrogatione.
1321 2651 1418 2692 (ἕνη.
1474 2651 1600 2683 Cetera
1617 2651 1704 2692 jon]

1016 2701 1151 2732 Caetera
1166 2701 1260 2732 vitia.
1675 2717 1694 2726 »ι

1057 2754 1121 2783 206
1146 2754 1225 2783 Cum
1241 2750 1521 2792 vitiosugerellu
1543 2750 1703 2792 antiquis·
