1858 3184
282 247 391 290 1780

280 359 347 392 que
371 350 426 381 bic
451 349 619 382 occultior
643 359 761 381 sensus
787 350 890 381 latet:
915 349 974 380 sed

279 400 417 432 dubitet
430 399 553 435 Poeta,
566 399 620 431 cui
637 399 847 440 potissimum
862 399 976 430 studio

279 450 313 480 in
343 449 486 481 Pedano
518 458 578 480 sno
606 449 781 481 incumbat
809 449 976 484 Tibullus,

279 499 426 531 Poetico
455 508 497 530 au
523 498 782 538 Philosophic03
807 498 862 529 cui
891 498 975 530 adeo

277 548 431 581 intentus
445 548 503 588 sit,
517 553 555 580 ut
569 558 612 579 ne
623 548 826 580 valetudinis
839 547 976 589 quidem

279 608 400 631 caussa
415 599 449 630 In
466 598 584 629 umbra
600 603 748 638 reptans,
764 598 843 639 quid
861 607 975 628 verum

278 648 501 679 honestumve
539 647 594 686 sit,
630 646 800 687 inquirere
833 647 975 678 desinat.

280 697 421 728 Torrent-
459 695 610 736 Reptare]
633 696 775 727 Lentius
792 696 975 727 ambulare.

321 750 339 777 ⁵
363 746 510 787 Sapiente
524 745 674 786 bonoque]
696 746 797 787 Saepe
809 747 883 777 baec
898 755 976 777 con-

273 795 392 836 jungit
404 795 587 834 Horatius;
612 799 647 826 et
658 795 780 827 merito
794 804 892 826 sane:
919 805 975 826 ue-

281 856 347 888 que
363 846 453 877 enim
469 846 553 877 alios
569 845 685 882 bonos,
708 845 789 876 alios
805 845 976 886 sapientes

278 905 355 928 esse
371 896 579 931 existimare,
589 900 648 926 aut
660 895 743 926 alios
755 895 874 926 beatos
889 904 976 935 esse,

281 953 384 986 qnam
415 945 472 986 qui
504 944 583 975 boni
612 944 710 975 simul
738 949 774 975 et
803 944 976 985 sapientes

278 996 361 1035 sint,
377 995 519 1027 credere
534 995 606 1026 sine
622 994 772 1035 pernicie
788 1003 975 1034 possumus.

277 1046 385 1087 Atqui
412 1047 459 1078 ita
489 1046 522 1076 in
549 1045 660 1085 Epist.
686 1040 728 1076 ad
752 1044 974 1077 Quinctium:

276 1097 287 1113 ‘
307 1095 406 1126 Neve
421 1099 521 1135 putes
533 1095 633 1125 alium
649 1094 806 1134 sapiente
822 1093 976 1133 bonoque

278 1143 439 1175 beatum.'
459 1142 608 1175 Turueb.
624 1152 650 1174 ι.
667 1145 720 1174 18.
736 1143 879 1173 Torrent-

319 1198 340 1227 6
357 1197 479 1236 Corpus
489 1204 558 1226 eras
569 1194 636 1225 sine
647 1193 784 1234 pectore]
806 1193 872 1224 Vel
885 1193 977 1224 ena-l·

280 1246 358 1285 lage
386 1245 548 1285 temporis
572 1249 639 1283 est,
660 1243 776 1275 Poetis
799 1242 977 1284 frequens;

277 1295 332 1325 vel
348 1293 685 1333 subintelligendum,
707 1298 786 1323 ante
811 1292 910 1323 istum
926 1302 978 1323 se-

276 1353 408 1375 cessum
435 1349 551 1374 tuum:
578 1342 719 1383 perinde
742 1350 783 1372 ac
809 1342 837 1372 si
863 1341 974 1372 dicat:

277 1393 305 1423 si
320 1392 399 1424 dum
416 1392 448 1422 in
476 1391 576 1423 turba
599 1400 686 1425 eras,
702 1390 863 1422 cordatus
877 1394 978 1431 atque

279 1443 474 1482 intelligens
502 1440 695 1479 habebaris,
728 1439 807 1480 quid
842 1449 909 1471 non
943 1440 978 1471 in

278 1493 342 1523 ista
386 1490 568 1522 solitudine
603 1490 772 1531 praestes?
816 1489 979 1530 Formam]

282 1542 439 1573 Formam
453 1541 643 1571 humanam.

318 1593 338 1621 7
361 1589 541 1630 Dederant]
575 1589 739 1620 Dederunt
775 1588 810 1619 in
846 1588 977 1620 duobus

281 1639 527 1681 antiquissimis
557 1637 810 1679 exemplaribus
839 1638 976 1679 legitur,

275 1699 340 1721 nec
378 1697 577 1729 quemquam
615 1688 792 1719 deterreat
823 1687 977 1728 syllaba3

277 1739 327 1769 sic
344 1738 433 1769 enim
447 1738 542 1778 Virg.
572 1738 583 1754 ⁴
599 1737 774 1778 Obstupui
795 1742 977 1769 steterunt-

276 1796 341 1827 que
373 1785 506 1818 comae.'
541 1785 684 1817 Torreat.
727 1785 806 1817 Sine
837 1787 976 1828 pectore]

275 1836 356 1866 Sine
373 1839 499 1870 mente,
515 1844 650 1865 excors.

320 1887 339 1914 7
363 1883 537 1922 Artemque
554 1882 700 1921 fruendi]
722 1883 800 1915 Qua
825 1884 908 1921 sine,
935 1892 977 1913 ne

277 1932 406 1964 divitiae
424 1931 558 1972 quidem
582 1931 742 1962 vocaudae
764 1935 853 1966 sunt,
870 1936 929 1962 aut
943 1931 976 1962 in

277 1982 374 2014 bonis
403 1981 633 2020 numerandae,
663 1990 738 2020 quae
773 1990 839 2011 non
875 1980 978 2011 beent

277 2040 529 2073 possessorem3
553 2030 625 2070 sed,
650 2030 722 2060 sive
747 2039 879 2071 avarus,
905 2030 975 2061 sive

277 2075 445 2122 prodigus
473 2080 590 2118 fuerit,
614 2078 781 2111 infelicem
812 2078 974 2111 efficiant.

283 2131 425 2162 Torreat.
468 2129 652 2170 Artemque]
675 2129 832 2160 Formam
861 2130 974 2160 buma-

282 2189 372 2212 nam.

321 2233 342 2261 8
366 2229 450 2266 Quia
473 2228 597 2268 voveat]
620 2229 711 2261 Quid
740 2229 846 2269 possit
872 2229 975 2260 nutri-

278 2281 356 2311 cula
370 2285 490 2320 optare
505 2278 613 2319 majus
630 2279 784 2309 alumno?

320 2333 342 2362 9
365 2330 468 2365 Quam
482 2327 605 2369 sapere]
626 2328 749 2368 Neque
766 2327 855 2369 libri,
866 2337 975 2369 neque

281 2381 344 2412 viri
365 2380 473 2419 docti,
487 2380 541 2410 vel
566 2379 599 2419 in
624 2378 781 2418 legendo,
798 2379 850 2410 vel
870 2379 902 2409 in
918 2388 976 2409 ex-

280 2429 438 2470 ponendo
452 2429 516 2460 hoc
529 2438 626 2460 versu
641 2429 880 2460 consentiunt:
903 2438 977 2460 nos-

281 2484 334 2510 tra
358 2478 566 2519 exemplaria
587 2478 738 2519 quinque
760 2479 809 2509 sic
825 2478 974 2510 habent:

282 2529 368 2563 Quia
389 2539 495 2568 sapere
510 2533 541 2560 et
551 2528 623 2567 fari
641 2530 741 2570 possit
763 2539 832 2570 quoe
850 2529 978 2568 sentiat,

280 2580 311 2607 et
336 2577 387 2608 cui
411 2577 539 2616 Gratia,
558 2577 660 2618 fama,
681 2578 832 2610 valetudo.
876 2578 977 2611 Quod

280 2635 357 2656 cum
381 2625 429 2656 ita
452 2626 508 2662 sit,
531 2636 597 2657 una
623 2632 736 2659 amota
752 2628 869 2660 littera
888 2628 977 2668 lego,

283 2675 350 2709 Qui
364 2684 481 2714 sapere,
500 2676 611 2714 posita
627 2677 902 2716 interrogationis
917 2687 976 2709 no-

281 2729 317 2755 ta
346 2725 381 2755 in
406 2723 472 2755 tine
502 2734 616 2755 versus
644 2727 873 2765 praecedentis
899 2734 975 2768 post

282 2774 421 2806 verbum
444 2775 576 2814 alanino,
593 2774 626 2805 iu
644 2775 734 2818 banc·
751 2778 973 2810 seutentiam:

741 255 880 287 NO'PAE
916 254 1177 285 VARIORUM
1214 252 1264 283 IN

1027 348 1083 379 Dii
1101 347 1162 379 tibi
1179 351 1214 378 et
1230 346 1343 385 animi,
1361 349 1398 376 et
1414 344 1578 386 corporis,
1595 349 1630 378 et
1651 345 1717 378 for-

1027 403 1117 429 tuuae
1141 398 1228 428 bona
1249 396 1447 434 contulere;
1471 399 1508 426 et
1529 394 1610 437 quid
1623 395 1716 427 obse-

1027 457 1084 479 cro
1112 447 1258 487 amplius
1287 447 1422 477 alumno
1456 454 1517 476 suo
1550 444 1720 477 nutricula

1027 499 1136 539 aliqua
1156 501 1275 537 optare
1295 495 1428 537 possit?
1450 499 1606 526 votorum
1631 495 1720 526 enim

1027 557 1166 584 summa,
1179 551 1217 578 ut
1233 554 1352 587 sapere
1368 549 1404 576 et
1415 544 1480 576 fari
1493 545 1613 585 possit.
1635 545 1721 576 Ver-'-
1745 577 1751 582 ,

1027 598 1067 629 ba
1081 599 1183 637 igitur
1198 598 1275 636 ista,
1291 596 1354 632 Qui
1372 605 1479 635 sapere
1493 595 1616 634 ecfari,
1631 604 1721 635 quae-

1027 657 1091 689 que
1106 653 1305 688 sequuntur,
1317 648 1485 686 μιμητικῶς
1498 646 1547 677 ita
1561 644 1721 686 quodam-

1026 698 1126 729 modo
1142 697 1342 738 accipienda
1369 701 1460 734 sunt,
1476 699 1514 726 ut
1533 695 1560 726 si
1580 704 1599 726 a
1613 694 1723 726 nutri-

1026 749 1103 780 cula
1134 747 1374 790 proferantur:
1398 746 1524 787 alioqui
1551 745 1601 776 bi·
1630 745 1721 776 idem

1026 798 1172 837 dixerit;
1196 797 1278 838 quid
1294 797 1380 828 enim
1396 795 1486 828 aliud
1510 800 1564 827 est
1579 795 1589 811 ‘
1601 799 1720 836 pectus

1026 846 1177 888 habere,’
1201 856 1300 888 quam
1322 846 1489 878 hominem
1514 854 1609 883 esse3
1629 843 1720 885 qnod

1027 907 1183 929 sermone
1197 901 1233 928 et
1255 897 1386 928 ratione
1409 893 1576 926 efficitur?
1597 893 1721 934 quidve

1027 947 1119 978 aliud
1135 947 1145 965 ‘
1160 947 1290 978 divitiae
1313 951 1350 977 et
1372 955 1425 977 ars
1448 942 1607 982 fruendi‚'
1622 951 1721 984 quam

1027 1003 1037 1017 ‘
1054 997 1195 1028 muudus
1218 997 1328 1028 victus
1349 1005 1417 1027 non
1442 994 1623 1026 deficiente
1646 1001 1722 1023 cru-

1027 1056 1125 1078 mena
1137 1047 1159 1078 Γ
1182 1056 1258 1077 nam
1284 1046 1294 1064 ‘
1311 1045 1455 1077 mundus
1479 1042 1608 1075 victus'
1631 1042 1720 1074 idem

1026 1097 1084 1138 qui
1106 1100 1142 1127 et
1157 1100 1380 1136 temperatus,
1391 1099 1493 1135 atque
1516 1093 1551 1124 in
1566 1096 1721 1123 neutram

1027 1150 1158 1186 partem
1181 1146 1293 1177 cultus
1319 1145 1432 1180 miser,
1455 1147 1494 1175 ut
1520 1142 1579 1174 lib.
1593 1151 1635 1173 u.
1647 1141 1723 1173 Sat.

1026 1198 1058 1227 2.
1072 1195 1224 1226 vidimus.
1270 1194 1387 1225 Gratia
1401 1197 1516 1225 autem
1530 1197 1567 1224 et
1581 1192 1722 1223 maenada

1028 1245 1068 1275 ad
1096 1243 1238 1275 formam
1265 1244 1445 1284 spectarit3
1467 1241 1574 1273 solum
1603 1241 1721 1281 itaque

1018 1293 1117 1332 samoe
1144 1300 1260 1324 votum
1289 1292 1469 1332 adjicitur:
1493 1292 1552 1323 sed
1582 1300 1622 1321 ea
1647 1289 1721 1322 fere

1027 1343 1202 1379 bonorum,
1217 1352 1292 1383 quae
1305 1342 1465 1380 diximus,
1474 1350 1598 1379 comes,
1612 1340 1723 1372 omitti

1027 1397 1174 1432 poterat.
1200 1392 1342 1423 Tor-rent.
1387 1392 1432 1422 Ee
1443 1391 1514 1430 sari
1535 1389 1652 1431 pouit]
1675 1391 1722 1422 Et

1027 1441 1138 1482 eloqui
1155 1451 1216 1473 sua
1231 1451 1340 1472 sensa.

1072 1494 1112 1523 10
1139 1491 1270 1528 Gratia,
1287 1489 1394 1530 sama]
1416 1489 1664 1521 Benevolentia
1686 1498 1722 1520 a·

1028 1541 1096 1582 pud
1124 1541 1296 1582 principes
1320 1541 1423 1580 viros,
1447 1539 1537 1571 fama
1565 1549 1608 1570 ex
1637 1539 1722 1572 bene

1027 1590 1155 1623 factis.-

1069 1644 1108 1672 11
1138 1641 1179 1672 Ee
1207 1641 1339 1672 mundas
1361 1638 1476 1679 victus]
1503 1639 1624 1670 Victus
1653 1648 1721 1670 non

1026 1690 1193 1730 sordidus,
1205 1699 1315 1731 neque
1329 1690 1428 1720 nimis
1442 1689 1643 1730 exquisitus.

1071 1742 1111 1771 12
1132 1740 1222 1771 Inter
1243 1738 1341 1780 spem]
1365 1738 1563 1780 Epistolium
1588 1738 1722 1778 pulcer-

1027 1789 1113 1820 rima
1136 1798 1180 1820 ex
1208 1789 1346 1828 Epicuri
1372 1787 1528 1819 instituto
1553 1787 1724 1818 sententia

1027 1836 1212 1872 concludit,
1224 1837 1391 1868 Tibullum
1406 1845 1559 1875 monens,
1573 1840 1613 1867 ut
1634 1836 1724 1868 inter

1028 1886 1138 1915 varias
1153 1886 1343 1916 mortalium
1369 1894 1481 1923 curas,
1496 1894 1570 1925 quae
1586 1894 1630 1916 ex
1652 1886 1724 1916 ani-

1027 1942 1155 1963 morum
1171 1932 1482 1972 perturbationibus
1497 1933 1656 1972 existant,
1673 1934 1722 1965 sie

1027 1983 1098 2022 ipse
1121 1991 1158 2012 se
1178 1987 1288 2022 gerat,
1301 1987 1340 2012 ut
1361 1981 1512 2022 quotidie
1527 1981 1721 2014 moriturus.

1027 2031 1116 2062 Torr.

1069 2083 1109 2112 la
1135 2080 1266 2111 Omnem
1277 2078 1382 2120 crede]
1397 2079 1541 2112 Omnem
1554 2080 1643 2112 diem
1660 2090 1722 2123 pu-

1026 2135 1101 2162 tato
1115 2140 1188 2162 esse
1204 2137 1422 2171 postremum.

1068 2184 1108 2213 14
1127 2182 1231 2213 Grata
1240 2181 1448 2222 super-veniet]
1462 2182 1518 2214 Ita
1527 2181 1587 2214 fiet
1597 2187 1636 2214 ut
1648 2190 1721 2224 gra-

1025 2236 1074 2272 ta,
1089 2233 1153 2263 ἃς.

1069 2284 1108 2312 16
1142 2282 1198 2313 Me
1234 2281 1396 2322 pinguem]
1444 2282 1611 2322 Exemplo
1646 2291 1720 2322 suo,

1027 2341 1126 2372 quam
1163 2331 1308 2371 dixerat,
1349 2331 1553 2363 sententiam
1597 2330 1719 2363 coufir-

1025 2386 1120 2412 mat:
1144 2381 1221 2412 ideo
1243 2381 1370 2412 nitidus
1397 2386 1433 2412 et
1456 2379 1603 2420 pinguis,
1627 2381 1719 2421 quod

1026 2430 1098 2460 sine
1122 2430 1262 2461 crastini
1277 2428 1501 2460 sollicitudine
1516 2429 1550 2459 in
1565 2427 1655 2460 diem
1671 2429 1720 2459 vi-

1027 2482 1133 2510 veret.
1151 2479 1291 2510 Tor-rem.
1328 2479 1371 2509 Et
1384 2479 1519 2509 nitidum
1532 2477 1624 2518 bene]
1638 2477 1720 2508 Por-

1027 2537 1102 2558 cum
1119 2528 1307 2567 elegantem
1322 2532 1358 2558 et
1371 2528 1463 2559 succi
1486 2528 1635 2568 plenum.

1071 2579 1111 2607 16
1126 2578 1204 2608 Cum
1218 2575 1424 2616 vider-evoles]
1449 2577 1524 2608 Hoc
1539 2576 1719 2608 severioris

1027 2627 1216 2668 discipliuae
1234 2631 1438 2658 sectatorem
1453 2626 1556 2658 fuisse
1581 2625 1717 2658 Albium

1027 2675 1186 2707 adversus
1209 2676 1357 2706 Turnebi
1383 2676 1575 2716 opinionem
1605 2680 1718 2707 osten-

1025 2727 1075 2758 dit
1092 2737 1101 2755 ι
1124 2726 1211 2757 male
1234 2726 1324 2757 euim
1351 2726 1440 2767 apud
1456 2725 1540 2757 alios
1555 2724 1716 2757 audiebat

1024 2777 1204 2817 Epicurus,
1243 2781 1291 2816 ut,
1328 2776 1487 2816 magister
1525 2774 1715 2815 voluptatis.
