1858 3184
235 204 353 247 1912

232 307 342 341 Poeta
369 308 516 341 Lamiam
540 309 720 342 devorasse
749 309 926 348 infantem,

232 365 333 399 atque
358 359 503 391 eundem
531 369 674 400 puerum
705 360 781 390 alvo
813 359 926 391 vivum

230 407 334 440 fnisse
349 414 536 449 exemtum,
549 409 612 440 hoc
626 409 716 440 enirn
732 409 894 441 abhorret
907 419 926 440 a

233 458 302 490 fide
318 464 353 491 et
369 465 502 490 natura.

273 510 333 539 341
356 508 517 539 Centurio.-
530 508 683 540 seniorum
696 508 836 549 agitant]
850 509 926 541 Hoc

231 557 346 598 ei,qui
359 557 531 588 auditores
546 557 663 598 cupiat
685 560 844 595 retinere,
865 559 925 590 ob·

230 607 456 638 servandum:
481 617 578 639 senes
596 608 677 639 nibil
694 609 758 640 nisi
781 601 925 641 solidum

230 656 412 687 sententiis
427 662 464 688 et
481 657 582 688 rebus
590 659 725 698 plenum
739 659 925 699 delectare,

229 715 386 747 quaerere
412 707 529 747 utilia;
549 708 693 748 juvenes
710 719 790 741 vero
807 707 927 750 volup?

230 761 338 788 tatem
363 758 499 794 sectari,
516 759 612 789 utilia
628 760 846 791 commiscere
868 761 925 791 lae-

229 806 285 836 tis.
330 806 504 848 Centurioe]
529 807 605 839 Hoc
629 814 695 850 est,
719 809 840 841 Tribus
864 811 926 842 Se-

228 859 405 895 natorum;
437 866 513 888 nam
552 859 714 890 Romulus
744 860 778 891 in
804 860 925 892 Tribus

228 904 343 937 divisit
364 907 538 948 populum,
553 908 673 939 Tribus
690 909 723 940 in
745 909 869 949 curias,
885 920 925 942 ac

229 955 342 987 curias
371 956 519 988 vicissim
541 958 581 988 'in
611 958 797 990 centurias.
834 959 924 990 Nan-

227 1004 312 1036 nt'us.
361 1006 520 1038 Centurioe
541 1007 695 1038 seniorum
708 1009 844 1047 agitant,
857 1008 927 1049 ξω]

226 1054 332 1086 Senes
355 1056 498 1088 Romani
519 1063 746 1098 aspernantur
767 1059 926 1100 poe'mata

228 1105 376 1137 inutilia.
420 1107 556 1138 Alludit
587 1108 630 1138 ad
667 1108 862 1148 Centurias,
891 1109 925 1140 in

228 1164 311 1196 quas
325 1156 468 1196 singulae
485 1156 590 1187 tribus
609 1163 708 1188 erant
722 1157 853 1189 divisae.

271 1209 334 1237 342
360 1207 444 1238 Celsi
461 1207 632 1249 Rhamnes]
657 1209 798 1250 Equites
811 1210 871 1241 alti
886 1220 926 1242 ac

227 1255 388 1287 sublimes
415 1258 512 1297 equis
536 1258 733 1290 insidentes.
769 1260 924 1292 Nunnius.

225 1305 376 1336 Turneb.
403 1315 481 1337 xix.
510 1310 542 1339 9.
577 1314 614 1339 et
645 1317 782 1340 xxvm.
809 1313 863 1341 26.
890 1316 926 1341 et

226 1363 333 1387 xxrx.
347 1358 400 1386 35.
449 1357 534 1387 Celsi
547 1358 751 1397 praetereunt]
774 1358 925 1390 Juvenes

228 1408 366 1439 excelso
391 1408 502 1439 animo
528 1409 925 1449 contemnunt-poemata

226 1457 318 1488 nulla
346 1457 524 1498 voluptate
545 1458 695 1490 condita.
754 1459 924 1495 Rhamnes,

225 1507 297 1549 ξω]
321 1509 463 1551 Equites
490 1509 635 1541 Romani
664 1519 684 1541 a
710 1510 854 1542 Romulo
874 1511 923 1543 sic

226 1559 404 1599 appellati.

270 1609 333 1639 343
351 1608 452 1639 Omne
461 1609 534 1639 tulit
546 1609 708 1650 punctum]
725 1609 838 1642 Omne
853 1610 924 1642 suf-

225 1655 368 1695 fragium
386 1657 528 1689 abstulit
542 1667 600 1700 scu
615 1659 750 1690 meruit.
778 1660 923 1692 Veteres

227 1704 457 1747 suffragia.ac
485 1707 671 1739 sententias
701 1718 766 1754 per
792 1709 924 1741 tabulas

226 1754 406 1787 ferebant:
431 1756 522 1788 unde
537 1760 546 1774 ¹
561 1757 616 1788 lex
632 1757 799 1790 tabularia
809 1758 819 1773 '
832 1758 925 1791 dicta

229 1814 280 1840 ea,
298 1816 364 1846 qua
380 1806 479 1845 illius,
493 1807 547 1837 cui
567 1807 708 1848 quisque
723 1808 924 1849 astipulare-

226 1859 281 1884 tur
290 1855 548 1886 candidatorum
566 1862 626 1888 aut
651 1851 926 1900 competitorum,

227 1903 355 1934 nomini
371 1908 533 1944 punctum
547 1906 666 1946 (vulgo
691 1910 701 1925 ‘
717 1917 818 1939 voces
831 1908 841 1922 '
866 1919 923 1940 vo-

226 1951 359 1993 camus)
374 1952 602 1986 adscribebat.
626 1955 750 1988 Horat.
775 1962 783 1974 ·
796 1956 922 1990 Suffra-

227 2002 355 2042 giorum
369 2007 495 2042 puncta
504 2013 570 2034 non
584 2005 661 2036 tulit
673 2005 816 2037 decem!
832 2008 921 2039 Nan-

225 2051 306 2082 nius.
353 2052 451 2083 Omne
473 2053 547 2084 tulit
567 2055 732 2095 punctum]
753 2056 922 2089 Omnibus

226 2108 263 2132 et
277 2111 393 2133 senum
410 2107 446 2133 et
469 2103 632 2143 juvenum
653 2103 819 2146 suffragiis
836 2117 921 2147 prae·

226 2152 455 2184 stantissimus
489 2153 599 2185 Poeta
635 2155 827 2196 judicatur,
862 2158 920 2199 qui

226 2202 333 2234 dulcis
348 2206 402 2234 est
417 2203 451 2234 in
466 2203 623 2244 poemate
637 2210 673 2236 et
689 2206 792 2237 utilis.

269 2254 332 2284 345
355 2253 422 2284 Hic
435 2257 532 2286 meret
545 2264 610 2286 oera
623 2255 716 2296 liber]
730 2257 818 2288 Talis
834 2258 920 2290 liber

227 2302 316 2334 ditat
333 2302 547 2344 bibliopolas,
562 2311 599 2336 et
614 2305 647 2336 in
665 2307 786 2338 multas
810 2313 918 2339 terras

226 2349 439 2384 diffunditur.
484 2353 551 2384 Hic
563 2358 659 2387 meret
674 2366 739 2388 oera
753 2357 846 2399 liber]
867 2358 918 2390 Is-

226 2402 384 2434 tiusmodi
403 2403 524 2443 poema
542 2405 688 2446 pretium
704 2413 868 2448 meretur,
883 2412 920 2439 et

224 2453 348 2484 multos
388 2454 515 2494 reperit
550 2461 734 2497 emptores.
801 2458 918 2500 Sosiis]

222 2501 311 2533 Sosii
339 2502 470 2534 librarii
500 2504 648 2545 insignes
682 2505 831 2544 fuerunt,
859 2509 918 2550 qui

224 2551 406 2583 maximum
422 2558 590 2593 quaestum
610 2556 797 2589 vendendis
819 2558 915 2591 libris

224 2599 419 2633 faciebant:
446 2613 586 2643 quorum
603 2606 704 2637 etiam
730 2609 857 2640 mentio
872 2609 915 2641 E-

223 2650 304 2691 pist.
317 2659 341 2680 1.
357 2651 399 2681 ad
419 2652 541 2684 librum
557 2664 652 2687 suum
668 2666 677 2687 ε
702 2658 711 2674 ‘
725 2657 866 2690 Scilicet
879 2666 917 2691 ut

224 2703 356 2740 prostes
385 2700 554 2733 Sosiorum
581 2706 715 2745 pumice
751 2708 918 2740 muudus-³

226 2749 381 2783 Nanneius.
404 2749 520 2793 Sosiis]
531 2753 730 2796 Bibliopolis
741 2766 801 2790 seu
812 2759 876 2791 scri
880 2768 917 2800 p-

686 217 826 248 No'rAE
860 208 1132 248 vAntoRuu‘
1156 216 1206 248 m

977 309 1106 341 toribus
1132 307 1290 340 librariis.
1351 307 1493 356 Τνᾳππῖ]
1518 308 1589 374 Ad*
1612 319 1673 343 ex-

981 363 1071 391 teras
1085 359 1251 390 nationes.

1020 412 1083 441 346
1106 410 1151 440 Et
1166 410 1290 447 longum
1304 411 1376 439 noto
1388 407 1551 450 scriptori]
1570 378 1675 452 Talis,

977 460 1101 517 inquit,
1117 459 1205 491 liber
1215 457 1307 489 fama
1319 461 1492 489 auctorem
1504 457 1676 499 nobilitat,

978 515 1013 542 et
1027 510 1061 541 in
1077 510 1183 541 multa
1195 509 1320 540 saecula
1334 508 1449 540 durat.
1493 508 1618 540 Horat.
1629 508 1676 542 de

978 560 1118 602 seipso:
1155 561 1165 577 ‘
1184 558 1295 599 Exegi
1324 562 1578 589 monumentum
1608 567 1678 590 mre
1701 551 1708 557 ’

978 609 1184 651 perennius.'
1202 609 1358 640 Nunnius.
1394 608 1551 648 Prorogat
1561 607 1676 649 mut]

979 661 1068 692 Nam
1082 662 1283 700 praestantes
1299 657 1418 688 Po'e'tae
1433 657 1536 689 etiam
1551 657 1675 689 mortui

978 710 1108 741 vivunt.

1019 761 1081 790 347
1106 759 1189 790 Sunt
1209 758 1323 789 delicta
1344 758 1462 798 tamen]
1486 757 1609 789 Monet
1625 757 1674 798 ig-

977 809 1183 840 noscendum
1206 818 1278 840 esse
1299 808 1450 847 delictis,
1466 817 1542 849 quae
1557 817 1675 840 occur·

979 864 1058 890 runt
1073 869 1181 900 pauca
1197 859 1346 898 inopere
1362 858 1474 898 longo.
1505 857 1582 889 Hoc
1593 867 1673 889 con—

977 910 1089 941 firmat
1104 909 1234 941 dnobus
1246 909 1409 940 similibus
1423 919 1434 947 ;
1449 917 1516 939 uno
1532 917 1552 939 a
1563 907 1672 939 citha-

977 960 1080 991 roedis
1110 965 1269 1000 sumpto;
1298 959 1406 990 altero
1431 968 1452 990 a
1475 955 1673 998 sassittariis.

978 1010 1105 1042 Causas
1136 1014 1250 1042 autem
1279 1007 1444 1050 ejusmodi
1469 1007 1674 1039 delictorum

977 1060 1117 1100 exponit
1131 1059 1229 1098 duas,
1242 1058 1452 1101 injuriam-et
1466 1058 1594 1099 ingenii
1612 1057 1675 1089 im-

977 1109 1212 1140 becillitatem.
1266 1107 1358 1138 Dein
1395 1107 1673 1148 pei->antithesin

976 1162 1104 1198 monet,
1118 1167 1185 1188 non
1208 1166 1283 1188 esse
1306 1155 1564 1197 ignoscendum,
1580 1156 1609 1187 si
1623 1156 1674 1188 in-

969 1208 1062 1249 juria
1077 1208 1175 1239 nimis
1199 1217 1321 1248 magna
1347 1206 1405 1246 sit,
1418 1216 1458 1239 ac
1481 1206 1625 1248 proinde
1644 1207 1675 1238 si

976 1258 1103 1290 delicta
1125 1258 1223 1288 nimis
1238 1257 1355 1296 multa,
1373 1261 1410 1288 et
1425 1261 1547 1288 contra
1569 1257 1676 1288 virtu-

977 1313 1027 1339 tes
1053 1308 1151 1339 nimis
1175 1316 1303 1348 pancae.
1348 1306 1446 1337 Hanc
1466 1307 1673 1338 sententiam

975 1358 1154 1389 confirmat
1173 1357 1255 1388 item
1275 1366 1295 1387 a
1323 1355 1489 1386 similibus
1520 1355 1674 1397 duobus;

974 1417 1117 1448 quorum
1134 1407 1227 1448 prius
1252 1415 1273 1437 a
1295 1405 1448 1445 librario,
1465 1406 1635 1446 posterius
1651 1416 1673 1438 a

974 1456 1163 1488 citharoedo
1177 1454 1290 1488 rursus
1302 1460 1474 1496 sumptum
1489 1460 1554 1486 est.
1598 1456 1673 1488 Pis-

972 1510 1070 1539 cator.
1099 1507 1181 1538 Sunt
1195 1506 1308 1538 delicta
1323 1509 1425 1537 tamen
1440 1505 1567 1546 quihus]
1582 1505 1672 1538 Sunt

973 1556 1127 1598 quaedam
1142 1556 1327 1588 Poetarum
1342 1559 1466 1587 errata.
1516 1554 1670 1596 Velim]

974 1607 1153 1648 Ignovisse
1168 1610 1320 1648 oportet.

1016 1659 1079 1689 348
1106 1657 1193 1688 Nam
1212 1666 1309 1697 neque
1329 1656 1443 1688 chorda
1470 1665 1578 1687 mm
1599 1657 1671 1688 red-

971 1706 1037 1747 dit]
1060 1707 1194 1738 Probat
1218 1706 1402 1748 superiora.
1417 1707 1574 1748 exemplo
1597 1706 1672 1738 soni

973 1757 1115 1789 ac'toni.
1158 1757 1237 1789 Non
1250 1757 1341 1788 enim
1348 1766 1484 1798 semper
1494 1756 1670 1788 destinata

972 1809 1096 1840 mentis
1112 1808 1244 1849 assequi
1261 1815 1450 1848 possumus,
1465 1815 1576 1848 neque
1593 1815 1670 1848 per-

974 1864 1079 1900 petuo
1104 1868 1204 1900 quem
1225 1862 1382 1899 optamus
1402 1857 1533 1889 cithara
1553 1865 1671 1889 sonum

974 1907 1109 1938 reddet.
1151 1908 1197 1938 Et
1211 1908 1273 1938 hoc
1289 1907 1390 1938 venia
1401 1907 1555 1947 dignum,
1570 1907 1598 1938 si
1619 1916 1672 1939 ra-

972 1966 1046 1988 rum
1070 1967 1080 1994 ;
1126 1957 1154 1987 si
1193 1960 1409 1996 perpetuum,
1445 1956 1672 1988 intolerabile.

973 2006 1132 2038 Nunnius.
1181 2006 1306 2036 Chorda
1330 2014 1439 2036 sontem
1467 2004 1588 2045 reddit]
1619 2005 1670 2037 Ut

971 2057 1096 2087 Musici
1125 2055 1308 2096 aliquando
1334 2058 1465 2094 errant,
1491 2055 1540 2086 sic
1563 2054 1667 2086 etiam

971 2105 1105 2137 Poe'tae.
1152 2105 1250 2140 Quem
1281 2104 1347 2135 vau
1374 2102 1499 2143 manus]
1525 2103 1667 2143 Sonum,

971 2165 1069 2197 quem
1085 2165 1202 2186 manus
1217 2158 1254 2186 et
1268 2154 1422 2185 voluntas
1433 2153 1580 2194 expetit.

1014 2208 1077 2237 349
1097 2205 1302 2245 Poscentiqaoe
1327 2202 1473 2244 gravem]
1497 2203 1665 2235 Citharoe-

969 2255 1025 2286 do.
1070 2255 1222 2286 Remittit
1235 2254 1375 2294 acutum]
1402 2252 1529 2285 Reddit
1545 2262 1664 2285 sonum

969 2310 1118 2337 acutum.

1010 2358 1074 2387 350
1100 2355 1165 2387 Nec
1185 2364 1303 2395 semper
1318 2353 1436 2395 feriet]
1458 2353 1589 2386 Probat
1617 2354 1666 2385 al·

969 2409 1044 2436 tera
1073 2404 1301 2436 similitudine.
1344 2403 1539 2444 Saepissime
1564 2402 1664 2434 aber-

968 2459 1022 2486 rat
1036 2455 1245 2496 sagittarius,
1263 2462 1331 2485 ⁴nec
1347 2461 1496 2494 semper,
1507 2453 1542 2484 in
1558 2451 1665 2493 q'uod-

968 2514 1110 2547 cumque
1149 2503 1350 2542 collimabit,
1377 2502 1537 2543 attinget.
1571 2501 1664 2533 Νιιι-

966 2555 1047 2586 nius.
1091 2554 1198 2586 Feriet
1213 2553 1425 2594 quodcunque]
1444 2552 1665 2593 Sagittarius.

966 2606 1144 2638 Minabitur
1167 2604 1272 2645 arcus]
1297 2603 1534 2644 Quodcunque
1560 2612 1660 2635 arcus

965 2656 1148 2687 minabitur
1163 2655 1278 2686 ferire.

1007 2708 1069 2737 351
1107 2706 1216 2736 Verum
1241 2704 1295 2735 ubi
1318 2704 1411 2744 plum
1437 2701 1554 2743 nitent]
1591 2700 1660 2733 Ubi

966 2757 1080 2799 plnres
1097 2756 1241 2788 virtutes
1255 2755 1291 2787 in
1302 2753 1464 2795 carmine,
1476 2761 1543 2785 non
1554 2749 1658 2784 offen-
