1858 3184
276 204 387 248 1826

275 316 432 350 sponsum
447 306 490 339 ad
505 306 708 347 Diogenem.

318 361 357 390 1⁵
381 357 446 393 Qui
458 357 520 398 me]
542 356 675 397 Nempe
693 355 875 396 Diogenes.

317 411 359 440 lo
385 406 486 439 Verba
503 405 625 447 probes,
638 405 710 446 ξω]
742 405 861 437 Utrius
877 405 971 438 dicta

274 457 406 491 laudes.

319 509 359 538 18
376 505 553 537 Mordacem
563 504 729 546 Cynicum]
742 503 863 545 Cynici
875 503 970 545 quasi

276 556 398 589 Latine
418 558 428 573 ‘
442 554 562 587 canes'
585 554 692 596 dicas,
707 563 784 586 curu
799 553 843 585 ob
860 554 970 594 impu-

276 605 425 637 dentiam
440 607 476 635 et
492 603 571 635 vitae
587 603 717 642 sordes,
733 603 782 634 uti
801 608 837 635 et
854 603 970 635 Avidi-

276 664 359 686 enus
375 654 431 685 ille
447 662 489 685 ιι.
504 653 575 685 Sat.
588 655 621 685 2.
646 658 716 685 tum
740 653 783 684 ob
806 653 912 684 rixam
935 656 971 684 et

276 704 545 737 maledicentiam
582 704 631 736 ita
666 703 829 736 nominati
865 709 943 735 sunt
961 716 970 743 ;

276 754 366 796 quod
378 753 533 786 omnibus
551 754 643 785 velut
659 753 867 784 allatrareut.
883 753 972 784 Torr.

274 804 454 835 Mor-dacem
463 803 628 844 Cynicum]
640 803 829 843 Diogenem
840 801 971 834 hisver-

275 853 329 884 bis
346 853 522 884 irridebat.

318 905 359 934 19
373 903 507 934 Scurror
520 912 577 941 ego
590 902 657 942 ipse
669 901 763 942 mihi]
788 900 908 932 Altera
924 899 973 932 A·

276 952 413 993 ristippi
429 952 463 982 in
481 952 666 992 Diogenem
683 952 839 982 retorsio.
885 951 970 983 Cum

275 1001 364 1033 euim
379 1000 435 1032 hic
450 1001 494 1040 ei,
515 1000 606 1042 quod
631 1000 800 1041 Dionysio
819 1006 971 1033 assenta-

275 1056 379 1086 retur,
404 1050 645 1092 exprobrasset
658 1060 667 1081 :
701 1049 748 1081 At
776 1054 826 1089 tu,
850 1050 971 1092 inquit,

274 1101 422 1141 populo:
440 1103 475 1131 et
486 1109 551 1139 ego
563 1099 699 1140 quidem
713 1099 747 1130 in
761 1108 831 1130 rem
845 1108 972 1139 meam;

275 1149 339 1182 tibi
352 1158 434 1181 vero
449 1149 553 1180 nihilo
569 1148 648 1180 inde
663 1149 785 1180 melius
800 1153 862 1181 est.
892 1150 973 1181 Elu-

274 1200 318 1231 sit
331 1200 447 1240 itaque
458 1198 637 1240 Cynicum,
649 1208 738 1236 cum,
750 1199 785 1230 in
797 1199 868 1240 pari
881 1209 972 1231 scur-

274 1249 411 1280 rilitatis
432 1258 562 1284 caussa,
587 1249 660 1289 ipse
685 1249 729 1280 ob
755 1249 973 1289 splendorem

274 1300 394 1331 saltem
419 1303 455 1330 et
479 1298 655 1330 commoda
680 1300 806 1330 rectius
828 1308 902 1331 sese
923 1300 973 1331 fa-

275 1358 354 1380 cere
370 1347 591 1386 ostenderet3
615 1349 770 1388 exemplo
784 1348 847 1379 hoc
862 1349 973 1389 ipsum

275 1398 488 1430 confirmans.
506 1398 645 1444 Zorrent.
689 1397 823 1429 δοκι-νοτ·
838 1408 894 1438 ego
909 1398 974 1438 ipse

274 1448 368 1489 mihi]
386 1448 472 1488 Ego,
484 1447 594 1489 inquit
604 1446 813 1487 Aristippus,
821 1457 973 1480 scurram

276 1507 338 1537 ago
350 1502 386 1528 et
398 1497 534 1537 regibus
547 1497 650 1528 risum
664 1505 794 1532 moveo,
807 1496 867 1527 sed
880 1497 972 1534 mihi,

274 1546 308 1577 id
334 1551 400 1585 est,
423 1547 455 1577 in
478 1556 587 1577 meam
614 1546 810 1578 utilitatem.
855 1547 974 1587 Populo

275 1594 326 1634 tu]
359 1595 414 1626 Tu
431 1595 593 1626 scurraris
609 1594 651 1626 ad
669 1595 786 1635 populi
808 1595 973 1636 plausum.

276 1643 407 1675 Rectius
431 1644 488 1675 Ιιοο
511 1648 542 1675 et
568 1643 769 1685 splendidius
790 1645 888 1676 multo
911 1644 974 1686 eat]

275 1692 316 1723 In
337 1694 445 1725 veteri
470 1693 603 1733 codice,
627 1697 666 1725 ut
689 1693 724 1724 iu
748 1703 808 1724 suo
822 1693 976 1735 Scaliger

275 1743 293 1773 ὃ
306 1740 476 1783 μακαρίτης
490 1746 640 1781 notarat,
655 1748 750 1774 erat:
770 1743 906 1782 regibus,
920 1743 976 1775 hoe

275 1795 336 1830 est,
351 1792 553 1832 Splendidius
568 1793 676 1823 multo.
722 1791 775 1822 Ex
790 1801 857 1832 quo
873 1801 977 1832 parva

277 1841 466 1870 mutatione
482 1839 549 1871 feci
564 1851 573 1872 :
595 1841 732 1879 regibus,
746 1841 802 1871 hoc
816 1844 848 1871 et
867 1841 976 1881 Splen-

278 1889 382 1919 didius
391 1890 487 1919 multo
496 1893 554 1919 est.
578 1889 672 1920 Nihil
683 1890 867 1919 venustius.
890 1890 975 1929 Ego,

277 1936 401 1977 iuquit,
413 1935 494 1967 mihi
508 1937 580 1976 ipse
593 1936 774 1976 parasitor,
785 1936 863 1967 dum
878 1946 975 1976 reges

278 1985 354 2017 eolo
367 1996 376 2016 ι
407 1985 543 2025 regibus
571 1985 661 2016 euim
691 1985 883 2026 pensitari,
912 1986 976 2017 boc

278 2033 488 2074 splendidius
511 2033 618 2065 multo
633 2038 698 2065 est.
742 2034 788 2064 Et
803 2034 977 2074 subjungit

279 2083 536 2114 rotundissime:
552 2083 660 2123 Equus
675 2086 709 2114 ut
721 2093 769 2114 me
778 2087 897 2124 portet,
909 2085 976 2115 alae

277 2141 348 2163 rex.
378 2131 552 2163 Heinsius.

322 2183 365 2212 20
379 2179 595 2221 Splendidius]
610 2179 683 2211 Sibi
697 2181 858 2212 scurrari.
882 2180 975 2222 Atat]

279 2232 330 2263 Ut
345 2240 404 2262 rex
422 2231 504 2262 alat.

322 2285 363 2314 21
388 2282 534 2324 Officium
551 2282 656 2323 socio]
695 2280 892 2313 officiosum
923 2291 977 2312 me

281 2331 432 2372 praebeo.
478 2331 526 2363 Tu
547 2331 651 2372 poscis
664 2331 740 2362 vilia
754 2341 858 2362 rerum
873 2331 979 2362 Dante

280 2381 395 2420 minor,
409 2381 547 2421 quamvis
560 2381 632 2420 fers
643 2384 674 2413 te
687 2381 804 2412 nullius
824 2381 978 2421 egentem]

282 2431 391 2462 Locus
407 2430 556 2471 elegans,
583 2430 642 2462 sed
670 2430 812 2471 pessime
833 2439 977 2470 concep-

282 2483 349 2510 tus.
391 2479 570 2519 Distingue
597 2489 638 2511 ac
666 2479 801 2518 scribe;
835 2479 980 2521 Officium

275 2527 375 2565 facio,
391 2531 424 2558 tu
439 2529 539 2568 poscis
553 2529 631 2561 vilia
642 2538 758 2567 rerum.
801 2528 908 2560 Dante
920 2528 979 2558 mi·

284 2587 362 2607 nor.-
389 2579 527 2616 quamvis
543 2578 615 2617 fers
639 2582 669 2610 1ae
695 2578 809 2611 nullius
831 2580 980 2618 egentem.

284 2625 363 2656 Hoc
381 2635 504 2658 sensu:
530 2629 604 2667 Ego
626 2627 774 2660 officium
793 2627 903 2667 faei03
923 2627 981 2669 qui

285 2679 337 2706 est
346 2675 549 2716 ὑποκορισμὺς
556 2679 628 2718 ejus
640 2679 698 2720 qui
705 2677 894 2719 >potentiori
905 2687 981 2710 cnm

287 2724 437 2756 utilitate
457 2725 696 2758 adblanditur:
721 2730 756 2757 tu
778 2728 904 2767 poscis5
924 2726 981 2768 qui

727 215 867 247 NOTAE
901 213 1171 244 vARlORUM
1204 212 1255 243 IN

1018 310 1071 338 est
1100 303 1302 346 ὑποκορισμὺς
1331 305 1406 346 ejus
1439 303 1498 346 qul
1533 305 1715 345 mendicat·

1021 356 1139 395 Dices,
1155 366 1208 388 res
1223 364 1299 387 esse
1315 354 1409 391 viles,
1425 356 1623 397 quaspetis,
1658 358 1717 393 Iu-

1021 407 1119 438 terim
1144 414 1286 437 necesse
1312 409 1367 436 est
1388 409 1427 436 nt
1441 405 1605 437 minorem
1619 406 1719 439 tenio

1019 454 1212 495 profitearis
1229 464 1270 486 eo
1286 463 1386 496 aquo
1409 455 1520 495 petis;
1543 464 1620 487 cum
1645 456 1719 491 uul-

1019 504 1084 535 lius
1101 509 1135 535 te
1151 513 1254 544 egere
1273 503 1376 536 dicas.
1400 505 1562 538 Heinsius.
1611 505 1718 541 Vilia:

1018 564 1123 585 verum
1137 555 1185 596 es]
1215 554 1266 586 Τιι
1281 554 1410 597 cynice
1426 564 1480 586 res
1495 555 1579 587 viles
1595 555 1718 596 poscis.
1732 565 1739 571 ·

1024 604 1138 636 Verum
1151 614 1183 635 es
1198 604 1304 636 Dante
1325 604 1441 645 minor]
1462 605 1525 644 Tu,
1539 614 1559 636 ο
1575 605 1718 646 cynice,

1019 653 1173 694 quamvis
1201 652 1270 684 fers
1295 658 1330 685 te
1356 654 1477 685 nullius
1493 664 1557 686 nec
1573 654 1636 691 rei,
1650 663 1716 687 nee

1021 713 1177 744 personae
1211 709 1369 746 egentem
1387 715 1398 743 3
1443 714 1558 737 verum
1591 710 1721 746 tamen,

1021 753 1124 785 dante
1140 754 1261 794 minor,
1287 753 1321 785 id
1348 759 1413 790 est,
1438 754 1662 796 impotentior
1681 758 1719 787 et

1020 804 1203 846 pauperior
1217 813 1258 836 eo
1272 804 1328 846 qui
1344 804 1407 836 tibi
1427 805 1499 844 dat,
1523 804 1635 846 poscis
1648 805 1720 837 ⁴irn-

1020 853 1190 894 pudenter
1214 854 1294 885 vilia
1320 854 1420 895 donn,
1451 864 1518 886 nou
1541 853 1722 895 splendida

1021 913 1084 935 nec
1101 906 1207 944 regia.
1232 905 1328 945 Cruq.

1063 955 1105 984 22
1127 953 1234 985 Dante
1257 953 1375 995 minor]
1405 953 1457 985 Tu
1480 952 1664 994 pauperior
1684 962 1721 986 es

1021 1005 1058 1034 et
1072 1001 1213 1035 inferior
1227 1012 1280 1042 eo,
1296 1003 1355 1044 qui
1369 1003 1433 1037 tibi
1446 1003 1520 1036 dat.
1555 1003 1721 1044 Quas-vie]

1022 1051 1184 1084 Quamvis
1200 1052 1297 1086 dicis.

1063 1103 1106 1132 23
1143 1101 1255 1133 Omnis
1276 1102 1475 1143 Aristippi-n
1499 1103 1604 1134 decuit
1626 1102 1724 1144 color]

1024 1148 1118 1180 Alias
1133 1149 1231 1181 addit
1244 1150 1404 1186 rationes,
1421 1150 1464 1183 ob
1476 1160 1559 1192 quas
1572 1151 1661 1184 hune
1676 1152 1724 1183 ul-

1024 1199 1090 1231 teri
1108 1205 1300 1242 praepouat‚
1309 1205 1350 1233 nt
1362 1201 1574 1234 commodum
1589 1207 1626 1235 et
1640 1202 1722 1235 fuci-

1023 1249 1102 1285 lem,
1119 1254 1155 1281 et
1171 1250 1261 1291 quod
1283 1250 1399 1284 dicere
1414 1252 1560 1284 solemus
1573 1253 1722 1285 omnium

1022 1298 1181 1330 horarum
1195 1299 1376 1340 bominem,
1400 1300 1457 1341 qui
1481 1302 1649 1343 personis,
1671 1302 1721 1334 lo—

1023 1346 1085 1387 cis,
1100 1348 1363 1388 temporibusse
1376 1351 1631 1384 accommodare
1644 1361 1723 1394 pos-

1023 1400 1089 1435 set,
1104 1396 1245 1428 meliora
1260 1403 1440 1439 appetens,
1455 1404 1493 1431 ut
1506 1404 1619 1432 tumen
1633 1409 1722 1441 pre·
1788 1420 1790 1422 -

1023 1445 1174 1476 sentibus
1190 1447 1438 1488 acquiesceret.
1459 1448 1602 1482 Tenent.
1645 1450 1724 1482 01·-

1022 1495 1072 1525 uis
1087 1495 1283 1537 Aristippum
1297 1497 1402 1529 decuit
1415 1498 1514 1539 color]
1537 1497 1659 1530 Omnis
1673 1499 1722 1530 vi-

1023 1548 1068 1575 tae
1084 1545 1235 1576 conditio
1252 1546 1307 1578 vel
1321 1546 1477 1580 vestitus.

1064 1597 1107 1625 24
1132 1595 1316 1627 Tentaneem
1331 1595 1463 1636 mqjora]
1499 1597 1723 1630 Quaen-entem

1024 1643 1167 1684 majora.
1209 1643 1361 1686 AE'quum]
1395 1645 1630 1678 Praesentibus
1643 1655 1723 1678 eon·

1026 1697 1172 1725 tentum.

1066 1745 1108 1774 25
1134 1743 1236 1778 Quem
1255 1742 1389 1784 duplici]
1409 1743 1602 1784 Diogenem
1618 1743 1724 1786 Cyni-

1025 1800 1115 1822 cum.
1158 1791 1291 1832 Duplici
1315 1801 1419 1832 pauno
1443 1793 1601 1833 patientia
1625 1794 1723 1835 veles]

1025 1838 1184 1872 Jucunda
1209 1841 1332 1881 Cynici
1358 1840 1573 1882 periphrasis,
1598 1841 1725 1884 Dioge.-

1025 1890 1076 1919 nis
1107 1891 1320 1928 praesertim:
1355 1892 1427 1931 qui,
1455 1896 1542 1923 teste
1573 1891 1725 1928 Laertio.

1026 1937 1177 1976 pallium,
1205 1947 1272 1977 quo
1295 1939 1368 1969 solo
1390 1939 1533 1970 amictus
1551 1944 1640 1978 erat,
1656 1940 1726 1980 pri·

1026 1994 1100 2016 mus
1131 1985 1332 2025 duplicavit,
1362 1991 1401 2018 nt
1425 1996 1468 2018 eo
1495 1987 1599 2019 etiam
1624 1989 1724 2022 strati

1026 2035 1101 2066 loco
1116 2035 1165 2066 uti
1179 2041 1306 2074 posset.
1328 2036 1481 2069 Turneb.
1495 2046 1563 2069 vn.
1575 2040 1629 2071 20.
1639 2037 1725 2071 alio·

1026 2083 1086 2125 qui
1099 2084 1108 2100 ‘
1123 2084 1250 2124 duplex
1263 2085 1444 2130 amiculum
1455 2085 1466 2100 '
1478 2096 1539 2127 pro
1549 2087 1608 2118 vili
1622 2091 1725 2130 atque

1025 2136 1197 2164 contemto
1210 2132 1312 2164 etiam
1330 2133 1384 2164 alii
1401 2143 1556 2174 posuere.

1068 2183 1111 2213 26
1133 2182 1292 2223 Mirabar]
1316 2182 1441 2215 Mirum
1458 2184 1537 2215 mibi
1550 2185 1628 2219 erit.
1669 2185 1726 2218 Vi,

1026 2234 1069 2263 tae
1089 2230 1141 2262 via
1165 2231 1194 2262 si
1219 2241 1363 2264 conum-sa
1386 2232 1522 2274 decebit]
1543 2233 1581 2268 Si
1600 2243 1724 2268 novum

1027 2280 1104 2312 vitae
1119 2290 1225 2321 genus
1241 2291 1318 2313 eum
1333 2282 1482 2316 decebit.

1068 2332 1110 2361 2⁷
1133 2330 1242 2371 Alter]
1265 2329 1478 2372 Aristippus.
1716 2356 1719 2360 -

1068 2381 1112 2411 29
1135 2380 1360 2427 Persarumque
1373 2381 1462 2419 seret
1484 2391 1543 2414 non
1568 2382 1725 2415 inconcin-

1026 2439 1084 2460 mcs
1098 2430 1275 2470 utramque]
1290 2430 1337 2461 Et
1352 2430 1455 2462 aulici
1467 2435 1502 2462 et
1516 2430 1727 2472 Philosophi,

1027 2478 1130 2519 idque
1148 2477 1191 2510 de
1205 2488 1246 2510 eo
1262 2478 1378 2510 dicere
1393 2479 1529 2513 solitum
1544 2479 1724 2514 Platonem

1028 2527 1155 2568 ferunt,
1167 2527 1272 2559 solum
1287 2537 1361 2559 esse
1377 2527 1603 2568 Aristippum,
1625 2537 1723 2569 quem

1028 2577 1167 2610 deceret
1195 2581 1231 2608 et
1259 2577 1408 2618 chlamys
1433 2580 1470 2608 et
1497 2586 1638 2618 pannus.
1678 2577 1725 2610 Et

1029 2626 1119 2666 apud
1136 2626 1276 2659 Graecos
1298 2624 1425 2666 χλαμὺς
1446 2625 1519 2658 fere
1542 2634 1604 2667 pro
1625 2629 1723 2660 tenu.-

1029 2676 1100 2708 iore
1124 2686 1164 2708 ac
1185 2677 1336 2709 molliore
1360 2677 1503 2710 amiculo
1525 2677 1649 2708 tn'nicae
1673 2677 1723 2708 iu·

1023 2726 1122 2766 jecto
1138 2731 1343 2767 usurpatur:
1368 2727 1416 2758 sic
1432 2725 1543 2759 Latini
1559 2733 1649 2766 saepe
1663 2725 1721 2757 ab·
