1858 3184
216 191 329 233 1914

215 295 291 328 aliae
304 295 337 327 in
355 295 536 335 propatulo
548 295 654 326 videri
669 295 825 335 cupiunt.
849 296 911 327 Ta-

215 346 296 377 bula
321 346 408 377 male
440 346 533 387 picta
562 346 673 377 lucem
700 345 912 378 reformidat.

217 396 375 428 Nunnius.

257 447 322 477 362
346 445 388 477 Te
405 445 505 486 capiet
519 444 637 485 magis]
669 445 719 478 Te
734 446 839 487 magis
853 446 913 477 de-

215 495 371 528 lectabit.

259 547 323 576 363
346 544 427 576 Hoec
452 542 551 583 amat]
584 543 724 577 Pictura
749 545 913 578 deterior.

220 595 311 627 Volet
323 595 389 626 hoec
403 593 476 634 sub]
500 595 644 627 Pictura
659 596 787 629 melior.

258 647 323 676 364
346 645 505 685 Argutum
527 655 595 685 qaoe
620 645 698 687 noa]
732 647 916 689 Limatum,

217 695 375 736 politum,
385 695 440 727 vel
454 694 578 727 subtile
589 695 759 737 ingenium
769 698 792 731 J
796 697 916 738 udicis,

216 745 252 776 id
269 749 334 784 est,
349 744 501 776 lectoris.

210 807 214 809 “
258 798 321 826 365
338 795 420 827 Hoec
428 796 547 836 placuit
556 797 666 838 semel]
685 798 803 830 Poie'sis
818 800 918 840 mala,

215 846 319 878 semel
333 857 343 885 ;
359 850 395 878 at
410 846 498 878 bona
510 847 623 880 decies
639 850 787 888 repetita
804 851 917 890 place-

216 896 280 929 bit.
307 897 420 929 Decies
431 898 563 938 repetita
572 899 721 939 placebit]
738 900 828 932 Hinc
841 911 916 941 pro-

217 947 390 979 verbium:
414 947 471 980 Δὶς
484 948 535 980 καὶ
549 948 615 990 τρὶς
637 949 679 981 τὰ
694 949 789 983 καλά.
837 952 917 987 Quoe

214 997 294 1030 bonu
307 1003 380 1030 sunt
397 999 446 1030 bis
466 1003 573 1040 terque
597 1002 729 1041 repetitu
742 1002 917 1042 placebunt.

215 1048 273 1080 De
289 1059 356 1090 quo
380 1050 457 1090 lege
481 1050 614 1081 Erasmi
639 1051 823 1083 Chiliadas.
867 1053 918 1084 Ea

216 1103 271 1130 est
284 1103 408 1130 natura
425 1099 588 1131 bonorum
604 1100 782 1139 librorum,
798 1107 835 1133 ut
851 1111 918 1133 non

215 1148 332 1179 statim
347 1148 487 1185 satient,
502 1148 562 1179 sed
579 1157 715 1190 semper
726 1159 847 1182 novam
860 1151 918 1182 ad-

215 1195 329 1229 ferant
351 1198 494 1240 gratiam
519 1203 817 1241 venustatemque.
862 1201 919 1233 Sic

219 1247 355 1279 Horatii
371 1248 531 1280 Carmina
542 1249 650 1289 prima
659 1247 772 1281 fronte
782 1250 921 1283 horrida

218 1296 390 1336 videntur,
401 1307 519 1329 verum
532 1298 658 1338 saepius
672 1299 820 1340 repetita
830 1299 921 1332 levia

217 1356 260 1379 ac
274 1348 389 1378 suavia
404 1347 502 1378 fiunt.
528 1348 685 1385 Nunnius.

260 1400 324 1429 366
350 1399 379 1429 0
401 1398 501 1438 mnjor
518 1397 687 1438 Juvenum]
717 1399 839 1430 Monet
863 1398 920 1430 hic

217 1447 344 1479 Poesin
369 1448 564 1479 dissimilem
591 1457 666 1479 esse
692 1449 828 1480 caeteris
845 1449 918 1490 qui-

217 1498 358 1530 busdam
375 1498 580 1539 diociplinis:
597 1499 671 1530 illas
686 1500 775 1531 enim
791 1499 919 1532 medio-

218 1548 343 1580 critate
359 1553 537 1581 contentas
552 1557 649 1580 esse:
667 1554 703 1581 at
719 1549 838 1581 Poetis
850 1559 919 1581 me-

219 1597 392 1630 diocribus
402 1608 476 1630 esse
485 1608 551 1630 non
565 1599 678 1631 licere.
701 1600 753 1631 Ex
766 1600 828 1631 hac
839 1609 920 1632 vero

219 1649 451 1680 admonitione
458 1649 571 1689 colligi
585 1653 699 1689 potest
708 1654 921 1690 praeceptum

220 1708 345 1732 xxvn.
360 1709 505 1740 nempe:
521 1700 559 1731 Si
573 1700 628 1732 cui
644 1704 803 1740 negatum
819 1701 922 1732 estin

219 1750 322 1782 Poiisi
344 1751 527 1790 excellere,
549 1755 589 1783 ut
611 1750 639 1782 ia
658 1750 780 1783 Poetae
796 1760 921 1782 nomen

220 1800 288 1833 uon
303 1800 457 1840 affectet,
482 1800 541 1832 sed
565 1810 666 1842 aeqno
691 1800 805 1832 auimo
822 1801 922 1832 relin-

221 1855 318 1891 quat.
341 1851 497 1882 Piscator.
543 1852 574 1882 0
588 1850 862 1893 nmjorjuvenum]
889 1851 921 1883 O

221 1900 316 1939 Piso,
342 1900 400 1941 qui
427 1909 470 1931 ex
487 1900 620 1931 duobus
637 1899 802 1932 fratribus
819 1906 921 1932 aetate

221 1958 259 1980 ea
275 1949 483 1989 provectior.
532 1949 611 1981 Voce
628 1950 778 1991 paterno]
802 1950 923 1982 Pater-

222 1999 275 2030 nis
291 1999 488 2039 praeceptis.

264 2051 327 2080 367
344 2049 494 2088 Fingeris
504 2050 545 2080 ad
556 2049 687 2089 rectum]
703 2048 922 2081 Confirmatis

222 2098 266 2131 ad
283 2104 412 2130 rectam
431 2098 591 2130 Poetices
605 2098 839 2130 imitationem.

265 2152 329 2182 368
354 2149 438 2181 Tolle
453 2149 581 2189 memor]
615 2149 718 2180 Sume
743 2149 808 2180 tibi
835 2149 924 2191 quod

223 2201 378 2233 dicturus
394 2209 468 2231 sum
484 2204 520 2231 et
534 2199 691 2231 memoria
711 2203 802 2231 tene.
848 2201 924 2231 Cer-

223 2252 269 2283 tis
293 2250 427 2283 medem
450 2254 482 2281 et
504 2249 677 2291 tolerabile]
710 2250 925 2284 Quibusdam

226 2301 357 2334 artibus
383 2306 419 2332 et
443 2300 631 2342 disciplinis
653 2300 926 2334 mediocritatem

226 2357 262 2384 et
277 2351 559 2384 tolerabilitatem
583 2351 636 2392 (id
652 2357 717 2388 est,
732 2361 797 2383 non
813 2353 926 2384 excel-

225 2405 355 2435 lentem
367 2401 777 2443 cognitionem)concedi,
789 2407 825 2435 at
836 2403 926 2435 Poe-

228 2453 299 2485 tica
335 2452 517 2484 mediocris
548 2452 734 2484 tolerabilia
762 2462 830 2485 non
861 2458 926 2486 est.

229 2503 398 2535 Tolerabile
412 2502 518 2544 rebus]
554 2503 723 2535 Tolerabile
742 2502 866 2536 dicitur
879 2503 927 2546 id,

229 2553 322 2594 quod
339 2554 475 2594 dignum
492 2559 530 2585 ut
551 2552 695 2594 feratur,
722 2563 787 2586 non
813 2558 926 2587 tamen

230 2607 271 2634 ut
285 2612 388 2643 supra
402 2604 538 2635 modum
553 2604 712 2636 laudetur
729 2616 737 2636 ε
758 2609 798 2637 ut
816 2605 827 2623 ⁴
844 2606 928 2638 tole-

231 2652 356 2684 rabiles
382 2654 518 2694 mores,'
540 2655 598 2696 qui
622 2661 806 2697 utcumque
828 2655 928 2688 austi-

231 2706 376 2743 uentur;
399 2703 408 2720 ‘
424 2704 607 2738 tolerabilia
622 2706 837 2748 eloquentia,'
852 2716 927 2750 qum

939 1288 945 1292 .
968 1248 1079 1288 pictos
1116 1248 1319 1288 intelligere.

678 202 821 234 NOTAE
853 201 1117 233 VARIOR-UM
1150 202 1202 232 ΙΝ

962 305 1028 327 non
1044 305 1149 337 usque
1164 295 1250 327 adeo
1265 294 1400 333 eximia,
1416 294 1474 328 sed
1489 291 1563 338 qd·
1577 296 1657 331 ferri

962 351 1087 387 potent,
1101 351 1138 377 et
1153 345 1209 378 cui
1222 345 1440 378 mediocritas
1453 346 1554 378 ineat.
1568 347 1656 380 Naa-

962 406 1043 428 ntus.

1006 449 1069 478 37⁰
1098 446 1224 477 Virtute
1245 444 1372 485 diserti]
1397 444 1451 477 Ab
1465 445 1662 488 eloquentia

963 496 1123 528 Messalae
1147 495 1286 527 Corvini
1308 495 1420 536 abeat,
1433 495 1469 527 id
1487 501 1556 538 eat,
1569 496 1662 529 Μοι-

964 547 1036 579 saia
1051 546 1180 578 diserto
1196 546 1303 577 multo
1315 550 1371 578 est
1384 545 1535 578 inferior.

1007 599 1069 629 371
1087 597 1155 629 Nec
1167 597 1228 628 ecit
1241 595 1407 637 quantum]
1430 596 1509 629 Non
1523 600 1577 629 eat
1590 601 1662 629 tam

964 645 1084 678 doctus
1095 647 1129 678 in
1140 646 1220 687 jure
1232 646 1337 683 civili,
1348 656 1448 688 quam
1459 646 1568 679 Aulus
1578 646 1663 679 Gaa-

964 696 1091 728 sellius.

1007 749 1071 778 3⁷2
1094 746 1135 778 In
1145 745 1248 788 pretio
1261 745 1324 787 est]
1347 746 1509 780 Quamvis
1532 746 1578 778 sit
1594 755 1664 778 me-

965 797 1103 829 diocris.
1145 796 1358 829 Medion-ibus
1371 806 1438 829 me
1452 796 1577 837 Poetis]
1594 796 1663 828 Ve-

965 858 1039 880 rum
1064 851 1103 880 ut
1128 847 1250 880 Poetae
1280 847 1348 879 sint
1373 846 1576 888 mediocres,
1595 855 1663 878 nou

964 898 1129 934 homines,
1145 907 1224 935 non,
1240 900 1305 930 διο.

1009 951 1071 980 373
1089 949 1165 980 Non
1178 947 1255 988 Dii]
1285 947 1376 982 Quid
1392 947 1470 980 Diis
1484 957 1561 980 cum
1574 946 1663 979 Poe-

966 999 1035 1031 tis?
1053 999 1128 1031 Nisi
1143 998 1294 1040 dicamus
1303 1002 1340 1030 et
1352 998 1447 1029 Deos
1455 997 1574 1030 laudea
1586 1006 1665 1029 anas

966 1049 1008 1080 ab
1025 1048 1312 1080 excellentissimo
1324 1046 1435 1079 Poeta
1444 1047 1593 1079 libentes
1603 1047 1665 1080 ‹le-

966 1097 1091 1129 scribi:
1107 1098 1162 1128 vel
1175 1097 1403 1138 intelligamus
1413 1096 1614 1138 ⁴Apollinem
1628 1102 1666 1129 et

967 1147 1086 1178 Musas
1108 1146 1293 1178 Poetarum
1315 1146 1431 1178 Deos:
1455 1145 1547 1188 qaod
1569 1151 1667 1178 certe

967 1196 1095 1238 malim,
1126 1206 1226 1238 qnam
1263 1196 1358 1228 Deos
1397 1195 1433 1228 in
1469 1195 1567 1228 atriis
1606 1195 1665 1228 de-

1386 1249 1460 1281 Non
1495 1258 1668 1282 concessere

967 1297 1130 1338 columna]
1154 1298 1327 1330 Librarius
1349 1297 1517 1338 intelligo,
1543 1299 1602 1340 qui
1621 1298 1666 1330 ad

968 1350 1140 1381 columna·
1151 1348 1343 1380 vendebant
1351 1357 1459 1389 opera
1470 1347 1668 1389 Poetarum,

968 1403 1007 1430 ut
1021 1408 1046 1430 1.
1062 1399 1134 1430 Sat.
1149 1401 1181 1430 4.
1203 1398 1214 1416 ‘
1230 1398 1333 1430 Nulla
1352 1398 1480 1430 tabella
1500 1407 1593 1430 meos
1607 1398 1667 1431 ha·

970 1448 1050 1480 beat
1076 1457 1190 1489 neque
1217 1447 1287 1489 pila
1314 1447 1471 1480 libellos)
1514 1449 1605 1481 Nam
1630 1452 1669 1482 et

969 1497 1164 1539 bibliopolae
1193 1497 1362 1539 hodieque
1391 1507 1432 1529 ac
1462 1499 1667 1540 typographi

969 1557 1037 1579 non
1050 1547 1200 1579 libenter
1215 1547 1318 1580 obvia
1330 1552 1366 1580 et
1382 1548 1526 1580 trivialia
1539 1548 1668 1581 Poeta-

970 1607 1044 1630 rum
1060 1598 1210 1630 carmina
1224 1598 1316 1639 typis
1329 1599 1502 1640 evulgant,
1517 1599 1579 1631 nisi
1595 1600 1669 1631 exi-

970 1648 1039 1680 mia
1053 1649 1121 1680 sint
1135 1652 1173 1680 et
1185 1647 1314 1680 divina.
1337 1649 1446 1681 Nm.
1492 1649 1666 1690 columae]

971 1699 1161 1739 Columnae,
1185 1708 1262 1741 quaa
1289 1698 1325 1730 in
1357 1699 1499 1732 theatria
1529 1698 1670 1732 fuerunt

971 1756 1110 1787 erectae,
1123 1750 1179 1782 vel
1193 1749 1238 1781 ad
1252 1757 1335 1792 quas
1348 1749 1429 1782 libri
1442 1751 1671 1791 prestiterunt

972 1799 1119 1831 venales.

1014 1853 1078 1882 374
1105 1851 1147 1882 Ut
1165 1854 1278 1890 gratas
1290 1851 1374 1883 inter
1387 1851 1521 1892 amaa]
1544 1848 1672 1883 Admo-

972 1900 1110 1931 nitionis
1136 1901 1237 1931 modo
1255 1899 1358 1931 factae
1383 1900 1587 1931 sententiam
1613 1899 1671 1932 de-

971 1950 1091 1988 clarat,
1102 1949 1260 1989 exemplo
1269 1949 1337 1979 laeti
1348 1953 1451 1989 atque
1462 1949 1577 1979 hilaris
1589 1958 1670 1980 con-

972 1999 1065 2039 vivii,
1082 1999 1138 2030 cui
1162 1999 1402 2039 intempestiva
1417 1998 1671 2031 delectamenta

974 2049 1195 2088 adhibentur3
1216 2048 1403 2090 cujusmodi
1431 2048 1497 2080 tria
1522 2057 1669 2081 comme-

973 2103 1094 2130 morat.
1150 2099 1239 2130 Tum
1263 2099 1422 2130 Piscator
1446 2099 1482 2130 in
1510 2099 1670 2139 opinione

974 2153 1038 2188 est,
1052 2158 1118 2180 non
1134 2149 1191 2180 hic
1208 2148 1289 2180 vitia
1305 2148 1452 2180 convivii
1465 2157 1668 2181 commemo-

974 2198 1053 2237 rari,
1076 2197 1135 2230 sed
1162 2198 1416 2230 delectamenta
1430 2209 1440 2238 3
1474 2208 1592 2231 verum
1618 2199 1672 2231 in·

975 2248 1201 2290 tempeativa;
1225 2253 1261 2281 et
1283 2249 1348 2280 hoc
1370 2249 1502 2290 colligit
1525 2258 1569 2281 ex
1595 2250 1670 2281 iatia

975 2300 1107 2332 verbis:
1125 2299 1136 2317 ⁶
1152 2300 1296 2331 Poterat
1309 2300 1388 2331 duci
1401 2301 1479 2341 quia
1491 2308 1587 2332 coena
1597 2300 1671 2332 aine

976 2349 1074 2386 istis,'
1088 2349 1153 2381 hoc
1167 2354 1231 2387 eat,
1248 2354 1383 2390 poterat
1395 2359 1492 2382 coena
1506 2350 1671 2387 hilariter,

976 2399 1136 2431 videlicet
1151 2399 1311 2431 hilaribus
1329 2399 1522 2442 colloquiis,
1537 2399 1673 2431 traduci

975 2459 1035 2481 seu
1049 2449 1203 2484 extendi,
1214 2449 1316 2481 etiam
1341 2450 1414 2481 aine
1433 2450 1508 2481 istis
1522 2449 1673 2481 delecta-

975 2500 1123 2532 mentis:
1157 2509 1234 2541 quae
1259 2499 1501 2540 intempestive
1523 2498 1674 2531 adhibita

975 2551 1180 2582 hilaritatem
1196 2558 1302 2581 coenae
1319 2553 1552 2591 corrumpunt.
1595 2549 1672 2580 Ma-

976 2602 1050 2633 lunt
1064 2601 1153 2632 enim
1164 2600 1227 2633 viri
1238 2599 1333 2632 docti
1346 2604 1480 2641 tempus
1491 2598 1673 2631 traducere

976 2651 1151 2692 colloquiis
1175 2650 1348 2690 suavibus,
1362 2653 1525 2691 tanquam
1548 2648 1673 2681 animo-

978 2711 1051 2735 rum
1078 2700 1363 2741 oblectamentis3
1393 2709 1494 2744 quam
1519 2699 1592 2732 istiu
1612 2698 1671 2731 ob-
