1858 3184
0 0 49 51 [ιτ

454 251 662 283 Homul!
697 253 760 284 m:
791 250 925 288 Altrss
956 250 1164 282 Pon'rtca
1202 251 1298 281 1:113.

155 345 257 386 nique
285 345 329 377 de
365 345 544 378 sententiis
579 344 781 383 fabularum,
809 348 846 375 et

154 395 323 436 quomodo
337 397 518 428 sententia
531 394 702 437 graviores
709 403 751 425 ac
765 393 844 425 sub-

152 444 298 477 liraiores
312 445 347 477 in
362 444 484 477 fabulis
498 445 653 486 usurpari
669 443 843 484 coeperiut.

151 494 309 528 Piae-tor.
330 495 410 527 vid.
430 494 580 527 Turneb.
603 502 686 526 ιιι.
701 496 733 525 9.
764 493 842 525 Pet.

151 543 280 576 Nanuii
294 545 426 577 Miscel.
436 545 496 578 lib.
513 553 570 576 nr.
605 544 731 576 Actoris
738 547 845 585 partes

148 593 261 626 elnam
279 595 470 637 officiumque
481 594 575 626 virile
587 593 764 634 Dese-dut]
784 593 843 624 Se·

150 644 266 684 quitur
279 649 318 676 ut
331 644 561 683 ostendamus,
584 643 675 684 quod
697 643 743 674 sit
757 642 842 674 illud

146 694 279 735 efflans
299 693 401 733 nie-ile,
422 693 511 735 qnod
527 698 706 733 tantopere
721 692 840 724 doctos

147 742 302 776 exercuit
315 742 416 774 viros.
454 742 552 775 Virile
576 752 669 784 ergo.
695 751 761 774 non
787 749 842 775 est

145 791 185 823 τὸ
207 793 267 824 n&
290 791 411 833 hepar,
435 791 495 823 sed
522 791 604 824 κατὰ
631 791 671 823 τὸ
700 791 841 825 δυνατόν.

145 843 156 858 ‘
171 841 345 882 viriliter:
355 842 503 884 inquam.
553 842 654 874 Vin-ile
667 843 840 883 defendere,

145 894 184 922 ιιι
206 890 218 908 ⁸
234 899 340 923 suave
358 891 503 932 rubere,'
523 891 534 909 ‘
552 897 686 924 torvum
708 894 797 925 tueri
809 893 839 933 ;’

143 945 179 972 ct
196 946 333 981 cetera,
356 951 432 984 qua
454 942 488 974 in
512 942 621 974 triviis
643 947 723 975 uota
744 949 836 976 sunt.

143 992 273 1024 Chorus
293 1001 387 1034 ergo,
410 993 522 1035 inquit
544 994 698 1034 Flaccus,
722 999 837 1035 partes

143 1041 288 1082 yiriliter
311 1043 438 1074 actoris
462 1049 558 1083 agat:
582 1049 618 1075 et
645 1044 737 1085 quasi
753 1054 837 1076 unus

143 1091 190 1123 sit
212 1101 232 1123 e
254 1091 391 1134 reliquis
413 1093 594 1124 actoribus.
616 1093 731 1125 Heius.
771 1094 837 1126 Ac-

145 1141 468 1182 §stomachor-u]
489 1142 619 1173 Chorus
631 1152 675 1174 ex
690 1153 836 1184 quocun-

145 1200 210 1232 que
223 1200 306 1223 sexu
322 1195 383 1223 aut
406 1200 546 1222 numero
569 1197 717 1230 constat,
741 1194 837 1226 unius

144 1241 269 1273 actoris
291 1241 366 1273 loco
384 1241 560 1281 habeatur,
579 1251 744 1285 suumque
766 1253 836 1275 ser-

142 1298 275 1322 monem
295 1291 529 1323 accommodet
541 1291 667 1323 actioni
684 1293 836 1334 proxime

142 1344 304 1383 peracte.
318 1340 432 1381 Vir-ite]
442 1340 601 1374 Officium
610 1342 837 1384 vitiumnum-

141 1389 192 1421 vis
206 1389 250 1421 sit
261 1390 437 1422 mulierum
450 1397 571 1428 coetus,
586 1401 663 1423 uam
675 1393 834 1425 Masculi·

141 1448 221 1470 num
243 1449 350 1481 genus
376 1441 559 1495 complecti
583 1443 669 1475 solet
690 1442 834 1476 foemini·

140 1498 231 1520 num.

147 1567 152 1569 .
181 1543 245 1572 191
266 1541 341 1573 Nea
353 1543 428 1583 quid
442 1544 572 1585 medios]
596 1544 673 1576 Neu
683 1544 764 1586 quid
776 1555 831 1577 ca-

139 1595 201 1622 nat
213 1591 304 1623 inter
317 1593 446 1625 medios
462 1600 572 1635 actus,
586 1595 619 1626 id
635 1601 701 1635 est,
714 1596 747 1626 in
765 1605 833 1626 me-

139 1640 205 1672 diis
219 1642 363 1679 actibus,
388 1644 478 1685 qnod
500 1645 544 1676 sit
570 1646 708 1677 alterius
734 1655 833 1687 argu·

139 1691 256 1727 menti,
268 1697 304 1724 et
316 1702 336 1724 a
350 1702 387 1724 re
402 1695 576 1734 proposita
592 1695 749 1726 alienum.

181 1742 243 1772 19⁶
258 1742 305 1774 Et
314 1742 433 1775 timent
441 1742 529 1784 apte]
541 1744 641 1777 Quod
653 1754 718 1776 non
731 1745 777 1776 sit
789 1744 833 1775 ad

140 1797 212 1820 rem
227 1796 430 1830 praesentem
446 1798 577 1834 aptum.

183 1839 330 1872 woman
355 1841 443 1872 bouis
458 1842 643 1883 faveatque]
678 1843 833 1875 Virtutes

140 1887 240 1921 Cliori
254 1892 427 1932 proponit,
448 1895 487 1923 ut
502 1892 657 1924 nimirum
683 1892 832 1925 benevo-

138 1938 244 1970 lentia
260 1939 366 1972 bonos
388 1945 626 1982 prosequatur,
647 1942 692 1973 sit
719 1941 830 1982 φιλάν-

136 1991 263 2029 Opanos,
281 1994 319 2021 et
332 1990 423 2021 inter
436 1999 472 2022 se
487 1991 693 2023 dissidentes
715 1993 830 2024 amici-

138 2039 186 2070 tia
195 2039 377 2071 conciliare
388 2045 543 2073 conetur.
566 2041 766 2073 Moderetnr
782 2043 830 2075 ira

136 2088 303 2130 incensos,
319 2090 408 2122 bene
423 2096 570 2123 moratos
586 2098 690 2133 amet,
713 2093 830 2126 laudet

136 2138 237 2171 vitam
259 2138 439 2181 frugalem,
461 2140 633 2182 justitiam
660 2153 827 2176 commen-

134 2187 206 2226 det,
236 2199 355 2230 pacem
385 2191 666 2234 concordiamque
694 2195 828 2226 civilem

136 2247 178 2270 ac
191 2239 283 2280 leges
306 2241 488 2272 servandas
511 2243 667 2280 suadeat.
695 2250 827 2276 secreta

136 2297 204 2320 non
221 2289 356 2330 prodat,
379 2292 492 2323 Deum
508 2298 546 2323 ut
566 2294 654 2324 mala
667 2305 826 2327 averrun-

135 2343 204 2375 cet.
218 2345 392 2380 precetur,
406 2347 441 2372 et
456 2346 583 2373 cetera.
618 2343 704 2375 Haec
717 2344 828 2378 officia

137 2388 248 2420 Cbori.
269 2389 351 2420 Vid.
365 2390 600 2423 Turueb.xrx.
612 2396 644 2424 9.
667 2394 827 2430 Nunnius.

137 2436 195 2467 1110
210 2437 485 2480 missove-utque]
507 2440 570 2472 Ille
586 2442 716 2479 chorus,
732 2446 827 2486 cujus

138 2484 283 2517 officium
320 2487 471 2520 breviter
511 2490 614 2523 docet
650 2493 826 2527 Horatius.

141 2534 333 2567 consilietur
371 2538 494 2578 unicis]
543 2541 612 2572 Det
652 2543 827 2576 consilium

136 2593 265 2616 amicis.
626 2593 642 2617 f

179 2636 241 2666 197
264 2635 309 2667 Ee
323 2640 412 2676 regat
426 2637 540 2679 iratos]
560 2639 703 2675 Student
721 2643 826 2676 iratos

137 2684 284 2725 placare.
309 2686 479 2728 Timentes]
491 2688 702 2726 Innocentes.

180 2737 243 2766 198
265 2735 325 2768 lue
339 2738 434 2778 dapes
451 2739 571 2780 laudet]
594 2741 724 2776 Laudet
750 2754 826 2785 par-

136 2792 310 2816 simoniam
339 2792 376 2818 et
396 2788 636 2823 continentiam
668 2793 702 2824 in
725 2795 827 2825 victu.

1433 198 1590 283 ‘1899

894 342 1075 382 Salubre-1
1091 342 1231 373 Utilem.
1256 342 1345 373 Nam
1357 345 1396 373 ut
1407 342 1590 375 salubritas

895 401 1027 432 corpus,
1038 391 1087 422 sic
1098 390 1242 423 ,lustitia
1258 391 1380 430 Remp.
1396 398 1590 423 conservat.

938 445 1000 474 199
1021 441 1231 482 Aper-titonia
1252 440 1372 482 portis]
1401 440 1480 472 vid.
1504 441 1588 472 Tur·

893 493 971 525 neb.
986 500 1067 524 ιιι.
1083 494 1118 523 9.
1140 491 1271 532 Aper-tis
1281 491 1348 522 otiu
1360 491 1475 532 portis]
1506 492 1590 523 Por-

893 547 939 574 ιι
954 542 1080 573 clausae
1099 541 1233 577 bellum,
1255 546 1383 582 apertae
1403 550 1523 582 pacem
1539 542 1588 572 in-

892 591 1021 624 dicant.

932 643 996 672 20⁰
1021 640 1121 681 Tegut
1146 638 1323 680 eon-nun]
1353 639 1424 672 Alii
1452 646 1588 673 secreta

890 696 1089 731 exponunt:
1115 689 1284 730 Cruquius
1299 690 1429 722 mavult
1449 691 1504 722 bic
1518 691 1588 731 sig-

889 741 961 771 nari
975 740 1106 772 scelera
1120 744 1157 771 et
1172 739 1303 779 flagitia
1319 740 1510 780 principum
1538 740 1588 772 vi-

891 800 1016 829 rorum,
1029 800 1104 832 quae
1126 791 1195 832 tegi
1216 790 1289 821 vult
1302 799 1322 820 a
1339 789 1456 829 choro,
1471 790 1503 821 id
1520 795 1587 830 est,

888 849 954 872 non
971 841 1081 881 prodi,
1097 850 1140 872 ne
1155 840 1290 872 auctori
1305 849 1365 871 suo
1380 840 1449 872 siut
1461 840 1587 880 exitin;

889 891 942 922 vel
964 891 1038 922 aliis
1055 891 1143 922 malo
1164 891 1342 932 exemplo:
1374 896 1478 933 atque
1504 891 1585 923 ideo

888 941 1026 982 subjicit
1046 942 1189 982 Deosque
1208 946 1352 982 precetur
1377 945 1407 973 et
1432 945 1512 978 oret,
1541 950 1585 972 ne

887 991 1020 1023 scilicet
1034 1000 1076 1023 ea
1088 992 1279 1032 principum
1296 992 1424 1023 delicta
1437 997 1474 1022 et
1487 992 1585 1032 impi-

887 1046 999 1073 etates
1015 1042 1083 1072 siut
1095 1042 1202 1073 exitio
1223 1042 1367 1083 Reipub.
1392 1042 1584 1083 miseroque

887 1092 1025 1132 populo.
1051 1092 1238 1133 Commisso]
1255 1092 1390 1124 Arcana
1410 1091 1585 1124 fideicom-

886 1141 989 1172 missa
1003 1151 1048 1173 ne
1066 1141 1198 1182 prodat.

928 1194 990 1223 2⁰1
1009 1191 1151 1223 Fortuna
1173 1189 1327 1231 superbis]
1350 1191 1504 1224 Fortuna
1529 1202 1584 1224 se-

887 1241 1008 1273 cunda.

927 1293 992 1323 202
1016 1291 1106 1323 Tibia
1119 1300 1182 1323 m
1195 1295 1231 1322 nt
1244 1292 1339 1333 sane]
1354 1291 1432 1323 Hoc
1447 1292 1524 1324 loco
1537 1287 1583 1323 de

885 1341 1029 1373 cantico
1054 1351 1114 1373 seu
1135 1340 1314 1382 μεληοιΐᾳ,
1337 1340 1396 1372 ubi
1415 1341 1508 1372 tibiae
1530 1340 1581 1373 in-

885 1390 1124 1429 troducuntur,
1167 1396 1205 1422 ut
1232 1390 1324 1431 apud
1361 1391 1579 1422 Terentium:

882 1448 975 1472 ΑετΑ
990 1449 1102 1472 'nnus
1124 1449 1280 1472 narnus
1295 1449 1365 1473 νει.
1387 1449 1581 1477 sinis-nus,

883 1498 1039 1522 eminus
1054 1499 1124 1522 vm.
1139 1499 1351 1523 muamus.
1395 1490 1437 1522 In
1449 1491 1460 1508 ⁴
1470 1491 1561 1522 tibiis
1571 1491 1580 1504 '

882 1546 997 1573 autem
1034 1541 1189 1582 quaedam
1228 1542 1238 1558 ‘
1252 1540 1408 1579 dextrae:
1442 1551 1518 1583 quae
1544 1545 1581 1573 et

881 1593 891 1610 ‘
903 1593 1041 1635 Lybicae
1053 1593 1063 1607 ’
1087 1593 1308 1632 dicebantur;
1333 1593 1488 1634 quoedam
1513 1594 1524 1611 ⁴
1536 1595 1580 1625 si-

882 1642 1023 1682 nistra»,’
1034 1652 1109 1684 quae
1118 1644 1128 1660 ‘
1137 1642 1317 1674 Samnael
1339 1643 1485 1675 Quando
1498 1653 1579 1674 vero

884 1691 1059 1723 Comoedia
1070 1692 1271 1730 gravitatem
1287 1692 1478 1733 quamdam,
1489 1693 1581 1733 jocis

884 1742 996 1773 vaiet-e
1003 1741 1123 1781 jussis,
1135 1750 1205 1781 prae
1217 1751 1252 1771 se
1261 1740 1406 1781 ferebat,
1419 1746 1490 1773 tum
1503 1751 1581 1774 cau-

884 1790 979 1822 tabat
994 1790 1143 1821 ‘dextris
1159 1790 1251 1821 tibiis
1264 1790 1285 1820 :⁵
1307 1800 1383 1822 curn
1396 1791 1579 1833 verojocos

883 1845 1016 1872 tautum
1030 1844 1067 1871 et
1081 1841 1172 1871 lusus
1187 1840 1385 1880 inducebat,
1406 1843 1526 1882 quales
1541 1843 1576 1874 in

883 1890 1048 1921 Eunucho
1063 1889 1286 1930 Terentiana,
1307 1895 1378 1921 tum
1392 1891 1404 1908 ‘
1413 1891 1559 1923 sinistra
1568 1891 1579 1906 '

883 1940 1112 1980 personabant
1128 1950 1139 1971 ε
1161 1939 1191 1970 si
1216 1949 1320 1980 porro
1343 1946 1580 1980 argumentum

881 1999 924 2020 ex
938 1993 1081 2031 utraque
1097 1990 1246 2029 mistum,
1261 1995 1300 2021 ut
1322 1990 1478 2031 quiedam
1501 2001 1577 2033 gra-

881 2041 936 2071 via
952 2045 987 2071 et
999 2049 1130 2078 severa,
1146 2039 1300 2081 quaedam
1309 2040 1432 2081 jocosa
1442 2046 1479 2072 et
1494 2041 1577 2072 ridi-

880 2087 966 2126 cula,
982 2095 1052 2122 tum
1066 2090 1178 2122 ‘tibiis
1197 2090 1328 2122 dextris
1344 2096 1381 2121 et
1404 2090 1554 2123 sinistris
1566 2092 1576 2105 '

879 2142 1079 2173 canebatur.
1116 2141 1275 2172 Nunnius.
1322 2142 1413 2173 Tibia
1450 2153 1512 2174 non
1539 2147 1575 2175 ιιι

878 2191 973 2232 mc]
1003 2192 1149 2226 Quando
1174 2192 1308 2224 scilicet
1339 2193 1493 2224 Romana
1520 2203 1575 2226 res

879 2252 1009 2284 pauper
1021 2249 1113 2274 esset
1129 2242 1220 2281 olim,
1242 2251 1307 2272 non
1324 2247 1424 2273 eraut
1440 2247 1509 2273 tam
1525 2243 1574 2274 in-

876 2298 996 2334 gentes
1009 2294 1101 2325 tibiae
1118 2293 1207 2323 sient
1223 2301 1325 2331 nnuc,
1338 2301 1402 2323 nec
1415 2293 1464 2323 ita
1477 2301 1573 2324 orna-

879 2348 936 2382 tae,
953 2353 1016 2375 uec
1031 2349 1100 2374 tam
1116 2342 1231 2373 multis
1247 2341 1476 2372 foraminibus.
1507 2342 1574 2374 Os-

878 2393 990 2425 tendit
1015 2398 1128 2424 autem
1151 2391 1319 2423 luxuriam
1343 2395 1515 2422 recentem
1537 2397 1574 2424 et

877 2443 1087 2475 ambitiosam
1104 2447 1218 2473 natam
1239 2449 1314 2471 esse
1329 2449 1405 2471 cum
1428 2441 1573 2475 dilatata

876 2493 1044 2534 dignitate
1061 2491 1211 2532 Reipub.
1235 2490 1367 2522 Salmas.
1396 2491 1486 2524 Rhis
1499 2503 1573 2534 nan,

876 2547 910 2574 at
923 2542 1019 2582 nuuc]
1041 2542 1143 2573 Tibia
1159 2544 1309 2570 veterum
1323 2541 1436 2573 tenuis
1446 2540 1522 2584 fuit,
1533 2548 1571 2576 et

876 2593 1033 2633 simplex,
1050 2590 1082 2621 id
1099 2595 1165 2628 est,
1179 2593 1313 2620 veteres
1328 2589 1473 2632 simplici
1488 2593 1568 2624 Mu-

876 2643 945 2673 sica
959 2642 992 2672 iu
1008 2640 1117 2672 scenis
1133 2639 1183 2670 usi
1195 2643 1286 2680 sunt,
1307 2644 1344 2671 at
1358 2649 1447 2672 nunc
1460 2641 1569 2684 impe.

877 2692 927 2723 rio
939 2691 1035 2722 Rom.
1049 2688 1206 2729 florente,
1221 2689 1302 2720 tibia
1315 2698 1383 2721 non
1391 2691 1498 2722 solum
1514 2702 1569 2724 or·

875 2744 977 2772 natur
998 2738 1184 2777 orichalco,
1207 2738 1267 2770 sed
1283 2743 1334 2771 tot
1348 2739 1452 2771 babet
1475 2739 1567 2772 fora-

876 2792 979 2832 mina,
994 2795 1031 2822 ιιι
1047 2794 1145 2822 sonet
1161 2793 1318 2830 tauquam
1335 2790 1428 2822 tuba.
1458 2790 1566 2822 Tube-
