1858 3184
612 263 657 301 Q.
690 260 901 292 ηοιιΑτιι
938 254 1154 291 naccis
1480 246 1593 290 1963

213 362 310 399 1571
345 360 540 413 Lugduni,
559 362 597 398 8.

209 446 263 453 --
287 437 530 464 cumcomm.
551 423 603 462 D.
622 421 811 460 Lambini.
833 421 1003 459 Monstr.
1024 419 1146 456 Antv.
1164 419 1204 455 8.

213 489 316 527 1573
342 488 484 527 Venet.
500 487 572 527 fol.
590 487 692 538 Rep.
712 485 777 524 ed.
800 486 918 523 1559.
937 495 973 521 s.
996 483 1114 521 1552.

208 574 263 580 —-
288 552 341 596 Q.
359 552 415 592 H.
429 552 474 589 F.
493 552 734 603 satyrarum,
759 563 794 588 s.
824 548 954 599 potius
973 545 1208 597 Eclogarum
1226 544 1313 583 libri
1334 558 1387 584 11.
1420 557 1471 583 ex
1495 545 1597 583 anti·

157 615 357 666 quissimis
376 616 479 655 Mss.
497 614 668 667 purgati,
695 620 736 652 et
752 611 895 651 clarius
913 609 1109 662 explicati,
1128 621 1249 661 opera
1265 609 1406 648 Jacob.
1423 608 1598 660 Cruquii,

158 679 335 718 Messon.
374 677 559 730 Ejusdem
595 677 635 715 iu
682 671 847 715 eosdem
887 673 1170 712 commentarii.
1233 672 1293 710 Ex
1328 673 1432 712 offic.
1462 671 1595 711 Plant.

156 742 276 781 Autv.
293 743 335 780 8.
368 764 370 767 >

209 826 265 834 —-—
289 803 492 852 Poenam,
529 804 647 850 uotis,
682 802 857 848 scholiis,
876 808 916 839 et
950 814 1062 852 argg.
1102 800 1310 839 illustrata.
1358 800 1501 838 Venet.
1533 812 1597 852 ap.

154 867 315 907 Domiu.
334 867 386 906 dc
406 868 550 907 Farris.
572 870 611 906 8.

205 952 262 961 —-
287 930 469 982 Lugdun.
492 933 554 969 12.

212 996 315 1033 1574
341 995 485 1048 Opera,
502 1009 573 1048 per
590 995 699 1034 Guil.
717 994 887 1033 Norton.
906 994 1086 1032 Londini.
1104 996 1142 1033 8.

209 1079 265 1087 —
290 1071 382 1096 cum
418 1059 511 1098 Aldi
542 1059 712 1097 Manutii
732 1065 772 1096 et
805 1059 863 1096 M.
892 1059 986 1096 Ant.
1020 1058 1169 1097 Mureti
1201 1066 1353 1096 aunott.
1411 1057 1598 1108 Ejusdem

158 1121 328 1159 Manutii
346 1121 398 1160 de
417 1122 557 1160 Mettis
577 1121 821 1160 Horatianis.
840 1122 917 1173 Ap.
935 1122 1029 1159 Ant.
1049 1121 1280 1172 Gryphium.
1302 1120 1485 1171 Lugdun.
1510 1122 1571 1159 12.

216 1186 320 1222 1575
347 1185 448 1236 Epp.
486 1185 589 1223 Libri
619 1198 671 1223 11.
701 1192 742 1224 et
776 1185 817 1222 in
855 1197 923 1223 eas
950 1183 1229 1223 Praelectioues
1268 1183 1500 1222 methodicae
1535 1184 1600 1222 Cl.

160 1246 319 1295 Minois,
338 1261 403 1300 ap.
423 1248 543 1290 Dbu.
562 1249 735 1288 aPrato.
754 1247 880 1286 Paris.
898 1250 939 1286 4.

210 1332 266 1340 —
291 1311 392 1350 Odoe
405 1312 578 1364 quinque
593 1312 751 1351 selectae
770 1325 821 1350 ex
841 1310 1008 1362 Epodon
1037 1311 1139 1350 Libr.
1159 1310 1285 1349 Paris.
1304 1314 1347 1349 4.

209 1395 263 1403 —
289 1373 435 1425 Opera,
449 1388 487 1415 c.
506 1385 646 1414 comm.
670 1375 791 1414 Dion.
810 1374 1000 1420 Lambini,
1022 1375 1192 1412 Monstr.
1213 1373 1386 1412 Florent.
1407 1375 1446 1411 8.

209 1459 263 1466 —-
289 1436 492 1485 Ροὲιιιαῑα,
511 1451 602 1477 cum
629 1451 739 1490 argg.
759 1446 801 1476 et
828 1437 997 1489 castigg.
1016 1437 1165 1490 Georg.
1194 1437 1375 1485 Fabricii,
1394 1436 1600 1476 Chemnic.

155 1500 276 1553 Typis
293 1500 593 1553 Voegeliuianis.
613 1503 719 1555 Lips.
738 1504 777 1542 8.

208 1586 264 1595 —
290 1565 337 1603 In
356 1565 407 1610 Q.
427 1566 479 1605 H.
495 1566 541 1605 F.
559 1566 749 1605 Poemata
766 1568 899 1607 omnia
918 1580 1046 1606 rerum
1062 1579 1109 1605 ac
1137 1567 1342 1605 verborum
1370 1565 1598 1616 locupletis-

158 1628 279 1666 simus
302 1629 441 1676 Index,
461 1630 593 1669 studio
610 1639 649 1669 et
667 1631 802 1670 labore
832 1632 973 1670 Thom.
994 1630 1156 1675 Treteri,
1189 1630 1364 1667 Posnan.
1395 1629 1601 1675 collectus,

157 1698 200 1730 et
215 1692 255 1729 in
273 1703 519 1731 communem
538 1687 802 1732 studiosorum
822 1694 1031 1733 utilitatem
1050 1705 1153 1730 nunc
1171 1693 1336 1742 primum
1355 1691 1499 1730 editus.
1540 1691 1600 1729 Ex

158 1755 263 1793 offic.
279 1754 467 1794 Plautini.
502 1756 637 1794 Idibus
657 1757 803 1795 Martii.
837 1752 1014 1795 Ant‘vtss.
1057 1755 1198 1793 Thom.
1227 1754 1427 1801 Tretems,
1459 1748 1597 1792 Histo-

161 1817 265 1855 ricus
283 1817 423 1856 Polou.
451 1818 627 1857 Iudicem
653 1832 767 1857 suum
785 1820 837 1857 ad
869 1820 1035 1870 paginas
1054 1818 1240 1856 editionis
1260 1817 1388 1868 Lugd.
1420 1830 1483 1869 ap.
1504 1817 1598 1856 Seb.

164 1879 381 1932 Gryphium
399 1893 465 1919 an.
488 1884 601 1921 1545.
621 1883 704 1932 (cui
736 1884 854 1921 etiam
884 1881 1096 1933 respondet
1123 1881 1235 1928 illud,
1253 1880 1363 1931 quod
1387 1882 1438 1919 ab
1461 1878 1603 1920 codem

166 1944 411 1996 typographo
433 1947 549 1984 1554.
568 1946 643 1983 fuit
661 1946 829 1994 editum)
853 1945 1071 1983 adornavit.

212 2028 267 2034 —
293 2006 494 2054 Ροέιιιιιῑο,
525 2010 815 2048 accuratissime
833 2009 1042 2060 castigata,
1058 2022 1148 2047 cum
1169 2021 1282 2059 argg.
1300 2016 1342 2047 et
1367 2007 1472 2046 notis
1490 2007 1599 2046 Guil.

163 2070 369 2122 Xylandri,
387 2072 558 2123 August.
574 2073 680 2124 apud
696 2074 760 2112 Jo.
781 2073 921 2124 Majer.
942 2072 1124 2111 Heidelb.
1145 2074 1184 2111 8.

219 2135 326 2173 1576
351 2135 492 2175 venet.
513 2136 786 2190 f01.Rep.ed.
810 2139 926 2177 1513.

214 2220 267 2226 —
292 2198 385 2236 Aldi
417 2200 586 2238 Manutii
606 2201 718 2240 Paul.
740 2201 783 2239 F.
816 2200 908 2239 Aldi
938 2200 987 2240 N.
1022 2201 1062 2239 in
1096 2204 1235 2239 Artem
1266 2194 1459 2251 poeticam
1491 2211 1598 2237 com-

163 2269 327 2301 mentar.
343 2262 448 2314 apud
478 2263 636 2302 Aldum.
655 2265 798 2303 Venet.
819 2267 859 2303 4.
902 2265 1102 2303 Manutius
1120 2265 1160 2302 in
1178 2257 1330 2315 praefat.
1357 2262 1474 2313 hujus
1493 2274 1599 2298 com-

163 2333 327 2365 mentar.
347 2325 514 2372 dubitat,
532 2327 715 2377 pluresne
729 2342 864 2367 versus
884 2341 934 2366 au
954 2329 1186 2380 interpretes
1204 2327 1310 2364 Artis
1322 2327 1487 2377 poetieae
1504 2317 1597 2362 sint.

219 2410 271 2417 —-
298 2390 371 2427 Ars
389 2389 543 2440 poetica
559 2404 647 2428 cum
664 2399 872 2431 comment.
891 2393 999 2431 Guil.
1019 2391 1225 2444 Xylandri,
1240 2390 1396 2440 adjecto
1413 2389 1453 2426 in
1472 2394 1598 2426 totum

167 2449 372 2489 Horatium
391 2451 539 2491 Indice.
567 2453 794 2493 Excudebat
811 2457 876 2494 Jo.
893 2457 1033 2508 Majer.
1054 2455 1233 2494 Heidelb.
1251 2455 1288 2491 8.
1368 2448 1371 2449 ⁷

220 2533 274 2540 —
301 2514 374 2551 Ars
390 2515 543 2564 poetica
560 2529 649 2554 cum
667 2527 876 2560 comment.
895 2520 961 2560 Jo.
981 2518 1151 2557 sturmii.
1172 2518 1335 2568 Argeut.
1356 2518 1395 2553 8.

225 2576 326 2612 1577
356 2575 407 2614 D.
423 2576 613 2626 Lambini,
644 2581 852 2623 Monstrol.
883 2585 924 2622 in
955 2583 1006 2626 Q.
1029 2581 1235 2619 Horatium
1264 2580 1447 2620 Flaccum
1479 2580 1596 2619 Gom·

168 2639 361 2686 memmii,
381 2640 468 2691 plus
487 2643 613 2681 tertia
619 2653 728 2695 parte
745 2648 981 2699 amplificati.
1012 2645 1139 2683 Editio
1158 2652 1369 2696 postrema.
1415 2643 1475 2682 Ex
1491 2645 1597 2684 offic.

169 2702 294 2742 Andr.
311 2703 501 2743 Wecheli.
521 2706 700 2748 Francos.
721 2710 771 2748 ad
793 2712 850 2749 M.
872 2710 939 2748 sol.
980 2704 990 2739 Ϊ
1017 2718 1023 2738 1

221 2787 277 2794 —
303 2766 398 2807 Adr.
435 2769 603 2809 Turnebi
639 2773 858 2813 Commeat.
890 2774 930 2812 in
966 2773 1070 2812 Libr.
1093 2787 1125 2812 1.
1168 2772 1391 2812 Cal-minum
1430 2771 1593 2815 Horatii.
