1858 3184
226 225 340 270 1884

230 339 233 341 ·
260 333 309 363 ,58
339 331 441 364 Parce
474 331 612 372 detorta]
651 331 829 363 Paululum
862 331 921 363 de

225 379 324 414 flexa.
369 382 455 418 Quid
480 386 586 414 cutem
608 382 747 418 Uecilio,
765 382 837 423 mn]
866 382 922 412 ln-

225 433 302 465 nuit
349 433 512 474 populum
559 433 749 464 Romanum
784 432 922 464 Caecilio

223 481 416 524 Plautoque
433 483 613 514 multorum
629 481 808 513 verborum
825 482 867 513 ab
883 482 922 513 il·

224 531 264 563 lis
292 532 469 564 licentiam
502 530 664 562 dedisse:
701 539 742 562 ac
778 531 922 572 proinde

223 581 367 612 eandem
391 581 566 612 licentiam
582 581 726 622 Virgilio
740 591 872 623 quoque
887 587 923 614 et

222 630 327 660 Vario
343 629 531 661 concedere
551 629 690 661 debere.
735 630 923 670 Argumen·

225 685 296 710 tum
312 683 365 711 est
379 689 399 710 a
414 680 498 720 pari.
541 680 742 721 Ademptum]
766 681 867 713 Quod
884 681 923 712 il—

222 730 264 760 lis
288 730 417 761 adimat
438 734 476 761 et
498 736 611 770 neget.
637 731 792 763 Piscator.
839 732 925 767 Quid

223 780 342 820 autem]
372 780 407 812 Si
445 780 577 812 licuerit
607 781 776 812 veteribus
805 781 925 812 Poetis

225 830 367 862 Caecilio
379 834 415 862 et
425 830 550 862 Plauto
565 840 652 863 nova
666 831 770 863 verba
784 831 925 871 fingere,

221 888 284 911 cur
311 889 377 910 non
406 879 511 911 liceat
539 881 639 912 etiam
666 881 926 919 recentioribus,

223 929 369 970 Virgilio
384 935 419 961 et
431 930 555 961 Vario?

264 981 308 1010 54
344 978 459 1019 Dabit]
504 979 604 1011 Dedit
632 978 724 1012 Guil.
758 980 924 1012 Canterus

222 1028 304 1060 Var-
319 1029 416 1061 Lect.
430 1039 480 1062 ιν.
498 1032 550 1061 12.

264 1083 306 1111 55
332 1080 505 1121 Aequirere
514 1080 630 1121 pauca]
649 1081 748 1113 Nova
758 1080 863 1112 verba
873 1079 923 1112 fa-

224 1138 315 1161 cere.

262 1183 308 1211 66
338 1179 509 1213 Inuideor?
530 1180 600 1221 ξω]
623 1180 692 1212 Cur
718 1181 840 1212 vetor?
864 1185 926 1213 aut

223 1230 338 1270 patior
353 1231 539 1262 invidiam?
574 1231 719 1272 Catonis]
735 1232 848 1264 Quum
863 1231 927 1262 lin·

223 1289 290 1320 gua
314 1280 490 1321 utriusque
516 1281 646 1321 antiqui
665 1281 816 1312 authoris
832 1281 924 1313 rudis

223 1333 260 1360 et
282 1328 440 1370 impoliti,
453 1332 518 1361 διο.
562 1330 664 1370 Eune]
686 1331 740 1362 De
757 1341 823 1372 quo
840 1331 925 1362 Ovi-

223 1378 322 1410 dius:
344 1381 354 1397 ⁴
368 1380 498 1411 Ennius
512 1380 650 1421 ingenio
662 1381 840 1421 maximus,
850 1386 925 1412 arte

222 1429 340 1461 rudis.'

263 1483 304 1511 57
319 1479 497 1512 Sermonem
509 1480 650 1521 patrium
660 1481 825 1522 ditaverit]
846 1481 925 1513 Lin-

222 1538 321 1570 guam
337 1530 494 1562 Latinam
507 1530 782 1571 amplificaverit.

264 1583 307 1612 59
329 1581 499 1620 Signatum
509 1581 676 1621 praesente]
699 1581 850 1614 Turneb.
865 1590 921 1613 xx.

221 1633 276 1665 31.
299 1630 470 1670 Signatum
483 1634 647 1671 presente,
668 1633 737 1674 esa]
760 1633 873 1664 Licuit
889 1633 923 1664 in

221 1680 369 1712 medium
384 1679 541 1720 proferre
551 1690 674 1713 novam
685 1691 923 1724 vocem,quam

221 1739 371 1771 praesens
388 1739 466 1761 usus
488 1731 737 1771 comprobavit.
765 1732 923 1773 Metaph.

221 1781 325 1812 ducta
348 1791 368 1813 a
384 1780 542 1822 pecunia,
557 1790 635 1822 quae
651 1786 763 1813 notam
782 1791 841 1813 seu
855 1781 923 1813 for-

221 1841 310 1863 mam
326 1831 525 1871 impressam
541 1833 710 1863 continet.
748 1833 924 1865 Producere

221 1881 344 1921 nomen]
361 1881 401 1912 Id
413 1885 478 1920 est,
490 1882 692 1920 extendere,
702 1882 926 1923 παρεκτείνειν,

222 1931 364 1970 (nempe
401 1929 443 1960 ad
475 1939 546 1960 rem
578 1940 700 1973 novam
733 1931 924 1970 significan-

222 1978 332 2020 dam,)
358 1988 467 2010 nomeu
488 1979 647 2018 signatum
668 1982 742 2011 uota
760 1984 925 2020 praesente,

222 2029 257 2061 id
273 2035 336 2070 est,
350 2038 473 2060 nomen
496 2029 552 2059 cui
569 2028 737 2060 attributa
753 2034 806 2061 est
822 2030 925 2070 signi-

221 2079 337 2112 ficatio
347 2079 421 2119 jam
435 2078 574 2110 usitata.
596 2078 755 2110 Piscator.

265 2133 308 2163 60
334 2130 379 2162 Ut
397 2130 495 2171 sylvae
506 2128 615 2168 soliis]
638 2129 718 2160 Non
741 2129 924 2162 dubitarim

221 2179 400 2223 praeferre,
429 2179 518 2220 quod
546 2188 567 2210 a
590 2178 760 2210 Diomede
785 2179 924 2211 adduci-

222 2236 298 2265 tur:
327 2231 372 2262 Ut
380 2229 466 2269 solia
479 2229 514 2260 in
527 2229 624 2270 sylvis
636 2238 747 2269 pronos
761 2233 924 2261 mutantur

221 2281 257 2312 in
279 2290 389 2319 annos,
405 2279 520 2311 Primo
542 2279 667 2314 eadunt,
694 2278 741 2310 itu
764 2279 924 2311 verborum

222 2335 311 2364 vetus
338 2329 451 2362 interit
472 2332 561 2362 oetu.
584 2329 757 2361 Heinsius.
801 2330 925 2361 Pronos

223 2379 402 2421 mutantur]
427 2380 496 2412 Per
504 2388 608 2422 annos
619 2379 794 2411 celerrime
806 2380 922 2412 laben-

226 2439 289 2464 tes.

267 2485 306 2513 61
332 2481 446 2513 Prima
460 2479 590 2520 cudunt]
612 2479 707 2511 Folia
732 2479 843 2520 prima
867 2490 922 2512 ca·

226 2530 323 2563 dunt.
367 2532 421 2563 Itu
435 2530 597 2562 verborum
614 2529 719 2570 vetus]
742 2529 799 2562 Ita
813 2530 924 2571 prisca

226 2581 330 2612 verba
343 2585 560 2621 respuuntur.
592 2579 762 2612 Verborum
774 2583 864 2612 uetus
875 2581 924 2612 uu

226 2632 301 2663 terit
316 2629 408 2669 aetas]
431 2630 472 2662 Id
497 2634 562 2664 est,
579 2630 756 2661 verborum
771 2635 925 2663 veterum

227 2685 333 2713 oetas:
357 2679 547 2719 hypallage.
592 2679 723 2722 Interit]
754 2680 926 2713 Desinunt

226 2729 384 2769 usurpari
399 2732 526 2759 vetera.

269 2781 312 2812 62
345 2778 391 2810 Et
417 2777 580 2818 jur-enum]
619 2778 788 2811 Foliorum
819 2789 923 2816 more.

685 238 828 269 No'rAE
862 237 1127 268 VARlORUM
1163 237 1214 267 nt

976 331 1121 371 Florent]
1159 330 1389 371 Usurpantur,
1427 330 1460 361 in
1490 330 1559 362 nsu'
1582 334 1670 364 sunt.

976 381 1132 412 Piscator.

1017 433 1058 462 6³
1082 430 1238 462 Debentur
1257 429 1350 461 morti
1372 427 1451 470 uos]
1461 394 1630 462 sustani
1618 438 1676 463 re-

979 489 1050 511 rum
1063 479 1331 511 vicissitudinem
1346 479 1532 520 proedicat.
1550 479 1676 522 ubique

978 530 1011 561 in
1026 530 1126 562 rebus
1143 530 1334 561 mortalium
1346 530 1426 561 nihil
1441 534 1508 562 tam
1523 531 1682 568 arduumff
1708 556 1715 562 .

977 580 1061 611 nihil
1092 585 1160 612 tam
1185 579 1411 621 magnificum,
1434 581 1515 622 quin
1537 580 1676 612 tandem

978 636 1147 670 senescat,
1169 631 1342 662 interitum
1369 636 1515 671 metuat,
1536 635 1572 663 et
1587 639 1677 663 mor-

978 685 1046 711 tem
1077 681 1238 720 patiatur.
1283 681 1361 712 Non
1394 682 1516 712 mirum
1539 689 1620 722 ergo
1641 685 1678 713 et

979 729 1144 761 vocabula
1160 739 1249 761 nnnc
1266 729 1402 767 florere,
1424 740 1514 762 nunc
1537 731 1676 763 aboleri.

979 780 1137 812 Nunnius.
1187 780 1345 812 Debentur
1372 779 1481 820 morti]
1513 780 1681 822 Sequitur

978 836 1213 872 argumentum
1236 841 1255 862 a
1282 832 1425 863 minori:
1453 832 1523 863 Nos
1546 831 1611 872 ipsi
1627 831 1676 864 in-

978 882 1170 923 teribimus,
1195 886 1230 913 et
1254 887 1373 913 nostra
1397 891 1525 922 opera:
1547 886 1676 923 quanto

979 932 1082 972 magis
1115 932 1289 963 vocabula.
1334 931 1553 964 Antecedeus
1582 932 1676 963 illus·

979 987 1048 1014 trat
1062 983 1226 1023 exemplis
1238 983 1347 1014 tribus
1357 983 1577 1015 maximorum
1595 992 1676 1024 ope-

978 1041 1062 1064 rum.
1108 1033 1239 1071 Primo,
1268 1033 1394 1064 Portus
1429 1033 1513 1066 Julii
1540 1032 1677 1072 refecti,

977 1084 1125 1115 immisso
1154 1085 1238 1115 mari
1274 1085 1309 1115 in
1339 1085 1523 1119 Lucrinum
1552 1085 1677 1117 lacum.

975 1134 1145 1174 Secundo,
1157 1133 1296 1168 siccatae
1312 1134 1470 1166 Pontium
1486 1133 1679 1175 paludis,ut

978 1193 1116 1215 vomere
1142 1182 1370 1224 subigeretur,
1389 1183 1572 1226 frugesque
1601 1195 1679 1226 pro-

978 1233 1132 1266 duceret.
1175 1234 1302 1274 Tertio,
1315 1234 1449 1265 Tiberis
1465 1243 1484 1265 a
1500 1234 1604 1276 priori
1618 1244 1678 1266 suo

978 1284 1074 1315 alveo
1089 1284 1123 1315 in
1137 1283 1237 1315 aliam
1253 1290 1386 1324 partem
1398 1284 1521 1322 aversi,
1533 1293 1576 1316 ne
1589 1284 1677 1323 urbi,

977 1343 1041 1365 nec
1071 1335 1161 1374 agris
1187 1338 1339 1366 noceret.
1367 1333 1527 1365 Piscator.
1571 1333 1677 1366 Debe-

977 1392 1047 1414 mur
1059 1384 1154 1415 morti
1167 1384 1238 1425 nos]
1263 1384 1335 1416 Nos
1350 1383 1533 1425 peribimus
1555 1388 1593 1415 et
1607 1393 1678 1416 om·

978 1433 1035 1463 nia
1071 1438 1189 1464 nostra
1220 1433 1393 1474 peribunt.
1436 1433 1512 1465 Sive
1538 1436 1679 1474 receptu·

981 1484 1078 1515 Terra
1093 1484 1274 1524 Neptunus]
1298 1485 1382 1518 Quae
1398 1484 1552 1525 superius
1566 1484 1610 1515 de
1626 1493 1679 1515 re-

978 1543 1052 1564 rum
1077 1533 1222 1564 omnium
1248 1534 1389 1565 interitu
1418 1533 1520 1574 dixit,
1546 1543 1588 1565 ea
1603 1533 1678 1574 jam

977 1583 1126 1615 illustrat
1162 1583 1240 1615 loco
1274 1583 1469 1622 commnui;
1505 1582 1676 1624 docetque

977 1633 1192 1674 quantumvis
1202 1633 1342 1674 regalia,
1357 1634 1571 1675 quantumvis
1585 1643 1678 1674 niag-

977 1681 1091 1723 nifica,
1113 1683 1356 1715 tamen-omnia
1381 1683 1495 1724 perire
1519 1684 1679 1725 exemplo

977 1737 1097 1773 portus
1113 1732 1264 1772 Lucrini,
1283 1733 1441 1774 Tybridis
1457 1743 1520 1774 per
1543 1734 1678 1766 alveum

976 1782 1128 1822 deducti,
1143 1788 1179 1814 et
1195 1782 1355 1814 Pontinae
1381 1783 1514 1824 paludis
1543 1783 1587 1815 ab
1609 1782 1679 1815 Au·

977 1838 1079 1874 gusto
1093 1832 1284 1865 exsiccatae.
1306 1832 1467 1864 Nauius.
1489 1831 1679 1873 Sivereoep·

977 1882 1043 1923 tus]
1057 1884 1183 1914 Lacum
1200 1883 1384 1914 Lucrinum
1395 1882 1568 1923 intelligit,
1579 1892 1679 1924 quem

979 1932 1109 1971 magnis
1134 1932 1279 1963 molibus
1305 1932 1377 1964 Jnl.
1393 1932 1512 1963 Caesar
1533 1933 1678 1965 incluse·

979 1985 1034 2011 rat
1043 1985 1080 2012 et
1095 1980 1326 2011 intromiserat
1337 1979 1372 2010 iu
1387 1985 1526 2012 terram.

1019 2031 1063 2061 64
1086 2029 1265 2070 Neptunus]
1287 2029 1398 2060 Mare.
1444 2029 1567 2062 Classes
1579 2035 1677 2070 creet,

977 2078 1048 2119 ξω]
1072 2079 1140 2110 Pro
1155 2078 1343 2119 Aquilones
1361 2088 1381 2110 a
1396 2079 1555 2112 classibus
1569 2087 1678 2122 arcet,

978 2134 1017 2161 ut
1032 2133 1114 2160 tntae
1130 2128 1176 2160 ibi
1192 2138 1268 2160 esse
1285 2134 1451 2169 posseuta
1463 2133 1678 2172 tempestati-

979 2179 1061 2210 bus:
1086 2188 1148 2219 per
1163 2179 1389 2220 Hypallagen.

1019 2232 1062 2261 65
1086 2229 1185 2269 Regis
1211 2229 1301 2270 opus]
1325 2229 1425 2271 Opus
1453 2232 1553 2272 quale
1576 2229 1679 2264 nemo'

977 2279 1040 2311 nisi
1056 2289 1117 2312 rex
1142 2279 1260 2312 facere
1284 2281 1402 2321 possit.
1445 2281 1608 2315 Sterilisoe
1620 2284 1678 2315 diu

975 2332 1067 2371 palus
1091 2334 1224 2371 aptaque
1251 2332 1363 2373 remis]
1388 2331 1470 2364 Sive
1493 2333 1677 2374 Pomptina

978 2381 1072 2422 palus
1094 2391 1157 2422 per
1171 2381 1359 2422 Cethegum
1381 2381 1555 2415 exsiccata
1567 2381 1677 2415 faeta·

977 2441 1043 2473 que
1060 2431 1274 2473 navigabilis,
1292 2434 1356 2464 &c-

1021 2484 1063 2513 66
1085 2481 1168 2520 Am,
1197 2482 1267 2524 ge]
1303 2482 1380 2513 Suis
1415 2481 1573 2523 frugibus
1603 2482 1675 2515 alit.

979 2531 1086 2563 Grave
1099 2532 1198 2563 sentit
1211 2532 1368 2573 aratrum]
1391 2532 1437 2564 Et
1453 2538 1580 2565 aratur.

1019 2585 1060 2613 67
1084 2582 1230 2623 Iniquum
1257 2582 1427 2624 frugibus]
1472 2583 1679 2617 Nocentem.

978 2632 1106 2672 Amnis]
1129 2633 1264 2664 Tiberis
1293 2637 1373 2664 aute
1403 2642 1473 2674 per>
1489 2634 1676 2674 Velabrum

977 2680 1096 2718 fluens,
1121 2682 1266 2724 Augusti
1284 2682 1383 2724 jussu
1409 2682 1443 2714 in
1467 2682 1600 2715 alveum
1623 2687 1676 2716 est

978 2731 1158 2763 deductus.

1020 2785 1063 2815 68
1086 2782 1208 2815 Doctus
1234 2782 1298 2814 iter
1325 2781 1452 2822 melius]
1486 2781 1671 2822 Postquam
