1858 3184
264 222 379 277 2004
691 237 948 269 REoENsus
996 237 1282 270 sm'rmNuM

267 337 482 376 versionem
518 338 566 376 ab
607 339 658 376 Is.
691 339 931 377 Casaubono
968 339 1268 379 commendatus
1307 337 1488 392 Philippo
1518 338 1711 391 Monimo,

263 401 391 441 locum
408 402 508 441 inter
527 403 718 442 Doctores
740 403 916 455 publicos
934 402 1218 444 Salmurienses
1239 402 1422 442 obtinuit.
1459 403 1551 444 Vid.
1570 403 1714 456 'rhum-2

265 460 496 505 Bartholini.
517 467 626 505 Diss.
647 467 696 506 de
717 467 883 506 Medicis
899 467 1051 507 Poetis.
1069 467 1192 507 Hafn.
1216 469 1333 508 1669.
1352 481 1392 520 p.
1417 468 1507 507 135.

839 607 908 646 ΡΟ
915 608 1078 647 LONIC
1085 610 1142 648 AE.

325 706 428 744 1609
457 705 508 750 Q.
528 703 715 743 Horatius
740 704 906 745 Flaccus
936 719 1003 758 per
1041 706 1198 745 Sebast.
1235 705 1418 758 Petrycy.
1449 705 1508 744 M.
1529 705 1581 745 D.
1617 704 1719 744 Cra·

267 782 353 808 cov.
376 771 416 808 4.

325 834 426 872 1647
455 833 505 878 Q.
526 833 712 872 Horatius
736 833 900 872 Flaccus
924 833 1208 873 Przekladania
1226 834 1330 873 Jana
1346 832 1585 886 Libickiego.
1618 832 1717 872 Cra-

268 910 353 937 cov.
372 899 415 938 4.

324 962 427 1001 1773
456 961 589 1000 Piesni
608 961 832 1013 Wszystkie
852 962 1116 1018 Horacyuska
1132 960 1417 1001 Przekladania
1431 960 1600 1014 roznych
1619 966 1715 1000 tom.

269 1038 302 1065 1.
342 1032 384 1065 et
418 1038 471 1065 11.
514 1025 736 1064 Nakladem
772 1025 948 1064 Michala
987 1026 1128 1064 Grolla
1161 1025 1372 1076 Bibliopoli
1408 1039 1434 1077 y
1472 1025 1719 1064 Komisarza.

269 1088 421 1133 Warsz.
442 1091 479 1127 8.
531 1088 693 1127 Curavit
723 1089 826 1127 hanc
847 1089 1119 1128 collectionem
1140 1087 1267 1126 Adam
1283 1087 1572 1134 Natuszewick,
1593 1087 1721 1126 Poe'ta

268 1152 460 1191 Polonus.
481 1152 592 1191 Tom.
616 1165 647 1191 1.
669 1151 770 1190 duos
789 1152 939 1203 priores
959 1151 1077 1190 libros
1098 1151 1289 1196 Odarum,
1307 1151 1421 1190 Tom.
1439 1165 1492 1190 11.
1513 1150 1618 1190 Libr.
1639 1162 1716 1189 111.

269 1223 309 1256 et
325 1230 381 1256 1v.
403 1216 580 1255 Odarum
599 1222 639 1255 et
658 1216 762 1254 Libr.
785 1215 951 1268 Epodon
966 1215 1005 1253 in
1026 1228 1068 1254 se
1088 1216 1278 1263 continet,
1293 1216 1348 1254 ita
1366 1221 1410 1254 ut
1422 1228 1502 1254 una
1521 1214 1610 1254 Ode
1629 1205 1719 1267 plus

271 1280 438 1330 simplici
458 1280 541 1319 vice
562 1286 756 1319 occurrat.
798 1274 847 1317 In
863 1280 1092 1332 praefatione
1124 1280 1283 1319 nomina
1312 1293 1461 1328 eorum,
1490 1278 1559 1331 qui
1584 1279 1623 1317 in
1640 1278 1720 1318 hac

269 1342 454 1394 palaestra
485 1343 745 1391 desudarunt,
764 1343 971 1395 diligenter
997 1343 1198 1390 indicavit,
1233 1344 1334 1382 inter
1352 1356 1453 1395 quos
1471 1343 1616 1382 eminet
1634 1343 1719 1393 ipse

274 1406 486 1445 Collector.

816 1526 1176 1567 GERMANICAE.

329 1613 432 1652 1639
461 1612 585 1651 Andr.
623 1612 759 1650 Heinr.
800 1611 990 1650 Bucholtz
1027 1619 1151 1650 erstes
1182 1610 1493 1659 verdeutsehtes‚
1529 1610 1613 1650 und
1649 1611 1720 1649 mit

272 1677 434 1715 kurtzen
468 1677 600 1715 Noten
637 1675 840 1715 erkloertes
887 1674 1109 1714 Odenbuch
1140 1674 1210 1714 des
1248 1675 1299 1719 Q.
1320 1673 1510 1714 Horatius
1537 1674 1721 1714 Flaccus.

273 1740 480 1779 Gedruckt
499 1740 624 1779 durch
647 1740 750 1779 Petr.
773 1740 933 1779 Lucius.
954 1738 1129 1778 Rinteln.
1150 1741 1189 1777 8.

327 1828 381 1835 —
409 1804 534 1845 Andr.
555 1804 692 1845 Heinr.
713 1804 903 1843 Bucholtz
922 1802 1185 1843 verteutschte
1213 1802 1295 1841 und
1311 1801 1392 1841 *mit
1409 1801 1569 1841 kurtzen
1590 1800 1724 1840 Noten

276 1870 456 1908 erklaerte
483 1869 800 1921 Poetereykunst
819 1868 890 1908 des
913 1869 963 1913 Q.
985 1868 1172 1907 Horatius
1190 1867 1371 1914 Flaccus,
1390 1866 1584 1919 gedruckt
1600 1864 1726 1905 durch

277 1932 381 1972 Petr.
403 1924 563 1972 Lu'cius.
586 1932 762 1971 Rinteln.
784 1934 823 1970 8.

331 1997 435 2034 1643
466 1997 515 2040 Q.
536 1996 632 2034 Hor.
665 1995 726 2033 Fl.
757 2000 880 2033 erstes
915 1993 1134 2032 Odenbuch
1166 2005 1241 2031 von
1274 1992 1369 2030 Joh.
1401 1991 1616 2030 Bohemus.
1638 1991 1719 2030 Ge-

274 2059 416 2098 druckt
436 2059 559 2097 durch
581 2058 709 2096 Gimel
726 2058 893 2108 Bergers
915 2058 1060 2095 Erben.
1082 2055 1277 2094 Dresden.
1299 2057 1337 2095 8.

331 2123 434 2161 1656
463 2123 512 2167 Q.
535 2121 632 2161 Hor.
655 2121 714 2159 Fl.
748 2121 830 2159 vier
866 2120 1022 2159 Biicher
1060 2119 1250 2165 Odarum‚
1281 2119 1320 2156 in
1357 2117 1554 2157 Teutsche
1582 2116 1722 2156 Poesie

273 2187 493 2226 iibersetzet
511 2199 587 2225 von
605 2185 698 2224 Joh.
719 2185 931 2231 Bohemus,
962 2183 1086 2231 durch
1107 2182 1254 2222 Melch.
1277 2182 1446 2234 Bergen.
1467 2181 1662 2220 Dresden.
1683 2183 1726 2221 8.

332 2252 435 2290 1659
464 2250 590 2288 Andr.
612 2250 749 2289 Heinr.
780 2248 970 2288 Bucholtz
1001 2254 1124 2286 erstes
1145 2246 1367 2285 Odenbuch
1397 2246 1469 2286 des
1495 2245 1548 2291 Q.
1569 2244 1725 2286 Horatii

276 2314 422 2360 Flacci,
443 2314 482 2352 in
497 2313 694 2353 Teutsche
714 2313 856 2352 Poesie
871 2314 1105 2351 iibersetzet.
1127 2311 1302 2350 Rinteln.
1324 2313 1363 2350 8.
1409 2348 1415 2354 ,

334 2380 432 2418 1671
466 2378 515 2423 Q.
533 2377 689 2430 Horatii
711 2377 844 2416 Flacci
877 2378 1023 2428 Opera,
1052 2376 1091 2413 in
1123 2375 1434 2426 ungebundener
1463 2373 1575 2413 Rede
1606 2372 1722 2412 iiber-

275 2450 410 2495 tragen
428 2456 505 2482 von
525 2442 614 2482 Jac.
636 2441 808 2481 Rothen.
829 2441 962 2480 Basel.
985 2442 1022 2479 8.

335 2508 436 2547 1690
467 2507 603 2546 Lieder
623 2506 693 2546 des
714 2506 763 2551 Q.
783 2505 970 2544 Horatius
992 2506 1174 2552 Flaccus,
1194 2504 1234 2543 in
1265 2501 1564 2543 hochdeutsche
1581 2500 1720 2544 Reimc

277 2572 486 2618 iibersetzt,
506 2571 629 2610 durch
647 2570 822 2610 Gotthilf
838 2569 986 2608 Flamin
1007 2570 1212 2609 Weidner.
1233 2568 1402 2622 Leipzig.
1426 2569 1465 2607 8.

337 2636 436 2674 1698
468 2637 516 2681 Q.
550 2636 739 2675 Horatius
770 2635 938 2673 Flaccus
968 2634 1007 2672 in
1040 2633 1350 2686 ungebu'ndener.
1380 2631 1608 2681 Schreibart
1638 2641 1723 2669 ver-

278 2697 485 2738 deutschet
500 2713 573 2738 von
595 2699 737 2739 Joach.
759 2698 930 2739 Rulffen.
951 2698 1122 2751 Leipzig.
1145 2701 1183 2738 8.
1205 2698 1361 2736 Desunt
1394 2695 1432 2733 in
1453 2694 1528 2734 hac
1548 2692 1719 2734 editione

278 2761 380 2800 Libri
402 2762 480 2800 duo
502 2763 733 2809 Satirarum,
751 2764 816 2814 qui
835 2771 961 2803 tamen
982 2762 1021 2801 in
1042 2762 1109 2801 illa
1129 2762 1177 2801 de
1195 2774 1298 2800 anno
1318 2760 1438 2799 1707.
1452 2761 1716 2798 accesserunt.
1743 2800 1749 2804 q
