1858 3184
459 243 665 275 HORATu
700 244 762 276 DE
794 245 1167 290 ARTE-POETICA
1200 248 1292 278 Lm.

154 336 293 364 coactus
309 332 342 363 iu
357 333 456 365 alium
479 334 608 366 alveum
628 333 772 374 ingredi,
786 333 844 365 ubi

153 392 220 414 non
247 382 390 423 amplius
414 387 553 417 noceret
575 383 677 424 agris.
722 383 845 415 Morta·

152 432 197 463 lia
207 431 316 473 fucta]
339 432 409 464 Pro
428 433 617 464 mortalium
639 432 732 465 facta
754 433 843 474 peri·

152 480 250 514 bunt.
295 481 496 523 Hypallage.
517 482 674 515 Piscator.

194 534 237 563 69
260 531 311 563 Ne
323 532 396 564 dm
416 531 605 572 sermonum]
628 533 764 566 Quanto
782 533 843 564 mi*-

151 589 215 612 nus
234 581 338 613 verba
359 581 426 613 sint
453 583 673 623 sempiterna.
722 583 840 624 Viva-x]

150 629 326 670 Perpetua
340 631 518 663 verborum
534 637 704 664 venustas.

191 682 234 711 70
254 680 361 712 Malea
387 684 584 712 renascentur
608 679 693 721 qua]
727 681 841 713 Multa

151 728 314 760 vocabula
327 728 546 770 reviviscent,
561 733 597 761 et
611 730 646 761 in
664 730 839 770 pristinum

148 782 274 810 statum
291 775 462 810 redibunt.

187 829 238 867 vt,
253 826 424 862 Quae‘nunc
433 831 504 860 sant
514 828 548 859 in
562 828 690 871 honore]
715 830 840 862 Osten-

146 876 196 908 dit
205 876 383 908 verborum
397 878 496 908 etiam
507 879 685 919 quamdam
701 889 776 911 esse
793 880 839 912 vi-

144 925 389 958 eissitndinem.
433 927 472 959 Si
487 929 565 959 volet
581 930 668 970 usus]
690 930 838 962 Consue-

145 976 228 1014 tudo
249 977 389 1008 multum
414 982 539 1018 potest,
561 988 680 1019 magua
703 980 774 1020 ejus
788 980 838 1012 vis

145 1031 182 1058 et
204 1031 370 1067 potestas,
396 1027 469 1059 sine
495 1037 559 1068 qua
580 1029 684 1061 verba
713 1029 837 1061 contin-

145 1083 227 1115 gere
248 1085 458 1117 nequaquam
485 1077 576 1109 licet.
621 1078 713 1110 Hinc
735 1078 774 1110 fit
801 1084 839 1110 ut

147 1124 249 1156 verba
266 1134 366 1165 nova,
383 1126 446 1156 nisi
461 1126 494 1156 in
510 1136 568 1157 usu
586 1134 757 1167 maneant,
772 1138 840 1159 sor-

146 1172 308 1210 descant:
330 1179 448 1205 contra
474 1175 625 1207 obsoleta
649 1186 715 1208 non
746 1177 839 1217 prius

147 1222 374 1262 obsolescunt,
388 1232 484 1264 qnam
507 1225 733 1266 negligantur,
747 1231 783 1258 et
805 1227 838 1257 in

146 1281 209 1303 usu
237 1282 310 1304 esse
335 1272 504 1305 desinant.
549 1275 707 1307 Nunnius.
755 1277 839 1308 Usus

147 1320 247 1356 Quen·
257 1321 364 1362 penes]
385 1323 560 1364 Loquendi
575 1325 796 1358 consuetudo.

186 1372 233 1402 ²2
253 1371 351 1407 Quem
371 1381 464 1412 penes
477 1373 658 1414 arbitrium]
680 1374 723 1405 In
739 1376 836 1415 cujus

144 1424 316 1461 potestate
344 1427 398 1453 est
420 1422 585 1462 judicium
611 1428 647 1455 et
672 1430 836 1466 potestas,

142 1475 318 1512 etnorma
338 1472 509 1513 loquendi.
553 1474 599 1505 Et
611 1473 684 1514 jus]
706 1475 835 1516 Xylan-

143 1519 204 1551 der
212 1520 390 1561 legendum
402 1531 473 1553 esse
487 1523 662 1555 contendit
675 1524 722 1555 vis
731 1535 742 1555 .·
757 1525 836 1565 quia

139 1568 228 1609 juris
251 1570 381 1602 notatio
406 1570 446 1603 fit
471 1571 504 1602 in
525 1572 690 1604 vocabulo
709 1574 836 1605 arbitrii

140 1619 384 1659 pmcedonte;
405 1624 442 1652 et
458 1621 536 1661 quia
558 1626 684 1662 praeter
701 1623 772 1663 jus,
787 1624 834 1654 vi-

144 1668 236 1699 ribus
257 1678 390 1710 quoque
407 1669 452 1700 sit
476 1679 572 1710 opus.
616 1671 678 1702 Cui
701 1678 836 1703 seuten-

143 1717 201 1748 tiae
225 1716 332 1758 favet,
354 1718 443 1758 quod
466 1720 534 1750 dici
556 1721 655 1761 solet,
679 1731 758 1753 usus
784 1728 836 1753 est

142 1770 315 1806 tyrannus.
343 1768 499 1798 Piscator.

134 1835 138 1837 —
185 1818 226 1847 73
247 1817 415 1859 Βεεξεξίω
425 1818 548 1858 regum]
569 1816 738 1849 Octavum
750 1828 835 1859 μη»-

143 1869 282 1906 ceptum
295 1876 305 1896 ι
328 1867 405 1899 Quo
427 1875 550 1906 genere
566 1868 722 1899 carminis
739 1878 836 1909 argu-

143 1917 292 1945 mentum
328 1915 486 1956 quodque
523 1916 737 1947 tractandum
773 1918 830 1949 sit.

135 1962 376 1999 Conmemorant
386 1968 502 1995 autem
513 1965 696 1997 carminum
707 1975 830 2006 genera

140 2016 301 2052 quatuor:
318 2012 514 2053 Heroicum,
524 2014 731 2056 Elegiacum,
742 2015 830 2048 Iam-

139 2061 251 2094 bicum
265 2068 302 2095 et
321 2064 491 2105 Lyricnm.
535 2065 565 2096 E
589 2065 708 2106 quibus
731 2068 829 2108 primi

141 2119 313 2146 auctorem
341 2114 421 2147 facit
449 2115 657 2149 Homerum:
690 2119 830 2151 secundi

139 2163 305 2196 incertum
343 2165 510 2206 aliquem:
555 2167 648 2199 tertii
679 2168 831 2202 Archilo-

139 2212 260 2245 chum:
283 2215 394 2256 quarti
409 2224 490 2247 vero
505 2219 673 2250 auctorem
698 2228 764 2251 nou
779 2225 830 2252 at-

140 2262 254 2302 tingit.
297 2264 451 2296 Piscator.
674 2296 676 2298 .

179 2315 223 2344 74
246 2313 316 2349 Quo
326 2315 421 2346 scribi
432 2317 568 2358 possent]
588 2317 738 2349 Primum
756 2320 829 2360 qui-

134 2362 217 2394 ,dem
243 2365 383 2395 carmini
405 2365 565 2406 Hemico,
580 2368 680 2408 quale
704 2369 829 2402 Home-

141 2419 198 2442 rus
222 2413 436 2453 conscripsit,
462 2414 564 2447 docet
593 2425 646 2446 res
670 2418 828 2456 sublimes

138 2462 332 2493 convenire.
374 2463 534 2496 Continet
549 2475 627 2497 vero
647 2467 828 2502 Heroicum

140 2519 196 2541 res
219 2516 331 2550 gestas
356 2512 518 2553 Heroum,
534 2515 670 2547 Ducum
693 2517 780 2549 bella
793 2525 829 2552 et

140 2557 244 2590 fortia
267 2558 430 2597 facinora,
458 2563 569 2603 qualia
596 2570 675 2596 sunt
702 2565 828 2609 Ajacis‚

139 2607 296 2646 Achillis,
343 2609 517 2650 Hectoris,
559 2614 624 2645 διο.
681 2615 828 2649 Vocatur

141 2658 246 2689 etiam
269 2659 335 2689 κατ’
362 2659 474 2699 ἐξοχὴν
501 2660 693 2702 ‘Epieunh’
736 2667 827 2699 Nun-

138 2709 223 2740 nius.
270 2710 338 2745 Quo
365 2711 474 2751 scribi]
511 2712 637 2745 Quibus
673 2711 828 2757 pedibus,

141 2767 208 2798 quo
217 2759 374 2792 carminis
385 2770 521 2802 genere,
531 2762 660 2795 scilicet
670 2765 828 2799 Heroico.

1480 239 1594 283 188⁵

896 357 899 360 -
940 337 980 366 ⁷⁶
1010 335 1156 368 Versibus
1170 337 1334 377 impariter
1349 337 1487 380 janctis]
1509 342 1591 374 Car·-

897 383 1040 415 minibus
1067 385 1248 425 meginun,
1278 395 1418 427 quorum
1448 390 1592 422 alterum

894 440 948 467 est
969 435 1226 475 Hexametrum
1246 438 1387 469 alterum
1413 437 1594 471 Pentame-

863 498 873 507 ι
897 490 996 517 trum.
1040 486 1257 528 Querimonin]
1283 487 1349 519 Res
1366 488 1485 520 tristis.

937 538 979 568 76
1001 536 1080 567 Post
1094 537 1189 567 etium
1201 537 1319 568 inclusa
1333 538 1396 578 est]
1419 539 1508 570 Nam
1525 539 1592 580 pri-

895 593 984 616 mum
1007 590 1117 617 metro
1144 587 1317 627 Elegiaco‚
1338 597 1390 619 res
1416 588 1529 620 tristes
1553 594 1590 621 et

894 634 1067 675 lugubres,
1093 641 1169 676 post
1195 637 1298 668 etiam
1323 638 1413 669 loetae
1439 643 1476 670 et
1498 648 1591 679 pros-

893 694 986 724 perae
1022 689 1203 726 coeperunt
1234 686 1395 719 describi.
1433 688 1591 722 Nunnius.

899 734 971 766 Voti
992 735 1162 776 sententia]
1189 736 1256 767 Res
1277 737 1378 777 laete,
1393 747 1468 779 quas
1494 739 1590 771 nobis

892 793 934 816 ex
949 785 1052 816 animi
1069 786 1236 817 sententia
1252 787 1427 819 eveniunt.
1583 812 1585 814 -

934 837 976 867 77
1002 836 1146 876 Exiguos
1173 837 1274 874 elegos
1301 838 1439 870 emiserit
1467 840 1591 879 auctor]

892 885 1017 925 Elegos
1033 891 1164 925 tenues,
1177 887 1235 928 qui
1259 892 1327 919 tam
1351 888 1487 920 sublimi
1503 887 1591 931 stylo

891 944 957 966 nou
971 935 1206 968 conficiuntur.

933 988 976 1017 78
998 985 1063 1018 Sub
1073 986 1182 1026 ⁴iudice
1207 987 1248 1019 lis
1272 987 1334 1029 est]
1356 988 1413 1021 Lis
1441 989 1588 1022 noudum

890 1033 987 1066 finita
1003 1041 1068 1068 est.

933 1087 975 1116 79
996 1085 1216 1118 Archilochum
1231 1088 1356 1128 proprio
1370 1089 1472 1121 rabies
1487 1099 1591 1120 ormu-

890 1134 937 1164 υἱὲ
955 1134 1075 1176 Iamba]
1100 1136 1291 1169 lamborum
1316 1139 1588 1170 maledicentiam

895 1182 1023 1213 invenit
1049 1184 1243 1225 primusque
1269 1187 1446 1226 usurpavit
1470 1187 1590 1218 Archi-

888 1231 1021 1272 lochus,
1037 1233 1132 1273 cujus
1155 1239 1235 1266 nota
1254 1237 1493 1277 amarulentis,
1510 1246 1586 1268 cum

891 1289 1046 1312 socerum
1063 1282 1255 1322 Lycamben
1269 1283 1312 1314 ad
1327 1285 1485 1326 laqueum
1509 1286 1588 1317 ade-

890 1329 954 1369 git.
999 1329 1096 1362 Adeo
1125 1331 1265 1364 mordax
1289 1337 1326 1364 et
1353 1333 1507 1365 rabidum
1534 1340 1588 1366 est

889 1378 1075 1411 Iamliicum
1109 1389 1258 1413 carmen.
1308 1383 1401 1416 Hinc
1437 1383 1587 1424 ἰαμβίζειν

890 1438 952 1469 pro
966 1430 1145 1462 maledicere
1160 1436 1195 1463 et
1217 1434 1358 1464 mordere
1372 1434 1462 1475 apud
1486 1435 1585 1469 Grae·

888 1488 946 1510 cos
961 1480 1118 1520 sumitur,
1128 1482 1310 1524 allusitque
1324 1493 1365 1515 eo
1376 1484 1496 1525 Poeta,
1508 1494 1586 1516 cum

888 1526 976 1558 dixit
990 1530 1000 1546 ‘
1014 1528 1126 1561 rabies
1147 1531 1313 1571 armavit,’
1326 1538 1438 1564 sumta
1452 1543 1472 1564 a
1494 1534 1586 1565 cani-

889 1577 949 1608 bus
972 1579 1167 1612 tralatione.
1189 1581 1337 1612 Turneb.
1362 1591 1415 1613 xx.
1427 1585 1482 1613 31.
1499 1589 1535 1614 et
1552 1591 1586 1615 v.

886 1628 918 1657 3.
953 1628 1111 1659 Nunnius.
1154 1629 1289 1669 Propria
1316 1630 1436 1671 lambo]
1466 1631 1585 1662 Iambo

887 1685 905 1705 a
927 1686 964 1707 se
990 1677 1145 1709 invento.
1182 1678 1344 1720 Amavit]
1369 1680 1526 1711 Armavit
1549 1681 1584 1712 in

889 1725 1083 1765 Lycamben
1096 1735 1247 1757 socerum
1263 1733 1300 1758 et
1311 1729 1386 1768 ejus
1404 1728 1518 1760 filiam.
1575 1752 1577 1756 .

930 1775 972 1804 80
995 1775 1090 1805 Hunc
1111 1775 1191 1806 socci
1216 1786 1322 1816 cepere
1346 1778 1467 1819 pedem]
1493 1778 1584 1810 Soccs'

887 1823 1108 1856 calceamenti
1134 1835 1330 1868 genus,quo
1354 1833 1486 1859 actores
1508 1835 1582 1868 ute-

887 1871 1030 1905 bantur:
1054 1874 1131 1905 hiuc
1153 1884 1214 1914 pro
1236 1875 1311 1916 ipsa
1333 1876 1510 1909 Comoedia
1525 1888 1581 1909 ac-

887 1921 1024 1963 cipitur.
1049 1923 1203 1956 Nunnius.
1248 1926 1344 1957 Hm
1363 1927 1444 1958 socci
1464 1937 1581 1968 cepere,

885 1971 954 2012 εγω]
976 1972 1079 2004 Hunc
1104 1983 1234 2006 versum
1261 1975 1450 2008 Iambicum
1475 1978 1581 2010 admi-

886 2027 1003 2054 serunt
1017 2023 1200 2056 Comoediae
1216 2030 1252 2057 et
1271 2026 1471 2066 Tragoediae.
1500 2029 1582 2061 Soc-

886 2072 937 2103 cis
957 2072 1122 2110 Comoedi,
1147 2075 1319 2107 cothurnis
1343 2077 1501 2117 Tragoedi
1528 2080 1579 2110 usi

884 2126 974 2153 sumt.
1019 2123 1222 2165 Grandesque
1246 2126 1401 2167 cothurni]
1425 2127 1579 2160 Colhurni

882 2176 962 2203 sunt
975 2173 1083 2204 calcei
1105 2174 1256 2215 altiores,
1270 2177 1403 2217 utrique
1427 2178 1499 2216 apti
1521 2188 1579 2218 pe-

883 2221 933 2260 di,
954 2231 1037 2263 quos
1068 2223 1254 2256 induebant
1284 2231 1416 2257 actores
1445 2228 1578 2267 Tragici

883 2271 973 2303 inter
1009 2273 1189 2313 agendum,
1225 2276 1475 2316 capiuntur-que
1514 2286 1576 2316 pro

882 2321 962 2362 ipsis
984 2323 1183 2363 Tragoediis.
1231 2324 1374 2355 Grandes
1398 2332 1576 2365 vocantur,

881 2375 951 2403 tum
975 2373 1055 2414 quia
1076 2374 1226 2413 altiores,
1241 2378 1312 2405 tum
1335 2374 1415 2415 quia
1435 2375 1576 2415 Tragoe-

880 2421 936 2452 dia
962 2422 1036 2462 ipsa
1061 2423 1293 2463 grandiloqua,
1313 2423 1346 2453 in
1374 2433 1474 2464 quam
1498 2434 1575 2464 pro*

881 2470 989 2502 deunt
1005 2481 1101 2512 reges
1117 2477 1152 2503 et
1175 2482 1327 2513 personae
1350 2473 1576 2514 sublimiores,

882 2525 917 2552 et
934 2531 1009 2562 quae
1025 2523 1197 2553 contiueat
1217 2527 1351 2553 atroces
1365 2529 1402 2555 et
1415 2523 1573 2557 funebres

882 2579 993 2601 rerum
1009 2571 1130 2601 exitus.
1155 2571 1311 2602 Nunnius.
1528 2608 1529 2611 Ἰ

924 2622 963 2650 81
987 2619 1129 2651 Alternis
1148 2624 1254 2660 aptum
1267 2623 1467 2664 sermonibus]
1491 2625 1571 2656 Ido-

881 2678 979 2700 neum
989 2669 1112 2701 mutuis
1125 2670 1308 2712 colloquiis.
1332 2696 1334 2698 .
1352 2673 1496 2705 Taliain
1507 2675 1571 2707 Co-

881 2717 1012 2749 moediis
1034 2723 1069 2750 et
1090 2719 1275 2760 Tragoediis
1297 2730 1432 2763 semper
1453 2733 1570 2755 occur-

881 2773 972 2807 runt,
989 2773 1024 2799 ut
1039 2766 1192 2802 nimirum
1210 2770 1286 2803 duae
1302 2773 1354 2804 vel
1372 2778 1440 2804 tres
1456 2783 1569 2814 perso»-
