1858 3184
439 244 647 275 rtoRA'rtt
682 245 747 276 nt.
777 244 910 290 ARTtt
944 244 1149 279 Poss'rtoA
1184 244 1279 273 Lm.

146 346 211 368 nec
226 336 356 368 indoles
371 336 540 369 constabit
559 344 726 377 personae.
747 335 836 366 Naa-

146 396 227 417 atas.

191 439 251 469 177
267 436 385 470 Juneas‘
395 436 527 478 Meis]
542 437 661 468 Ducta
672 435 750 468 inde
760 435 838 468 Me·

147 486 303 528 tapbora,
319 487 408 528 quod
421 491 553 518 actores
562 492 677 527 partes
688 486 722 518 iu
734 496 838 527 agen-

147 537 192 569 do
202 537 406 569 dividerent.
421 536 580 570 Numinis.
611 537 740 579 Partes]
753 537 838 569 Par·

148 591 202 619 tes
217 597 279 627 pro
292 586 417 620 officio.

191 639 254 670 178
274 637 316 669 Ia
327 636 634 677 Metaque]
655 635 697 668 In
714 636 755 668 iis
770 646 838 668 mo·

146 687 252 728 ribus,
265 686 324 730 qui
343 690 423 719 sunt
443 686 590 727 appositi
605 690 643 718 et
656 685 837 728 uaicuique

146 736 242 769 :tati
254 734 340 777 apti.
678 740 680 742 ’

158 803 161 806 ·
189 788 253 820 wa
275 783 348 817 -Aue
376 784 489 825 agitur
515 784 582 826 res]
618 785 837 826 Praeceptum

145 835 483 876 decimumtertium,
495 835 540 867 de
556 835 681 867 decoro
701 845 835 867 servan-

145 884 192 917 do
214 884 253 921 iu
272 884 373 918 rebus
395 885 428 917 in
456 886 590 917 theatro
610 885 770 926 agendis:
795 894 838 917 ne

146 943 196 967 aa·
217 935 329 967 omnia
349 934 585 976 ostendantur,
603 941 638 966 et
663 944 723 976 per
745 939 838 966 acto-

145 992 217 1016 rem
246 989 553 1026 reproeseutentnr:
591 985 651 1016 sed
681 985 837 1027 quaedam

147 1040 306 1077 tanquam
325 1040 406 1067 acta
420 1034 614 1067 referantur
625 1044 684 1067 seu
701 1045 838 1067 narren-

148 1090 223 1126 tur3
237 1089 277 1118 ut
289 1090 369 1118 aunt
383 1095 437 1117 res
450 1085 592 1117 nefariae
609 1094 648 1117 ac
662 1086 838 1125 immanes,

144 1136 231 1172 vitam
254 1135 496 1177 impossibilem
527 1136 650 1176 quibus
674 1136 838 1168 addeudae

148 1189 267 1225 turpes
293 1194 334 1217 ac
358 1184 471 1217 foedae.
527 1185 604 1217 Hoc
629 1192 839 1227 praeceptum

147 1235 299 1273 illustrat
325 1236 469 1277 primum
499 1235 750 1277 distributione,
774 1247 842 1278 qua

148 1294 204 1318 res
219 1284 411 1319 fabularum
430 1286 467 1318 in
489 1285 555 1318 dno
576 1295 701 1327 genera
722 1287 842 1319 ‹listin-

146 1336 241 1376 3uit:
264 1336 410 1368 alterum
428 1345 544 1368 earnm
565 1346 641 1378 qne
657 1337 691 1368 in
707 1337 840 1370 theatro

146 1391 312 1429 agantur:
327 1389 470 1420 alteram
481 1397 595 1420 earnm
610 1397 686 1430 quse
702 1397 840 1420 narran-

135 1432 219 1470 tur.
261 1437 400 1470 Deinde
413 1437 482 1470 duo
503 1438 569 1470 ista
586 1447 697 1469 rerum
713 1447 841 1478 genera

147 1487 239 1520 inter
266 1497 342 1520 sese
374 1494 573 1530 comparat3
607 1492 645 1520 et
674 1497 728 1520 res
762 1498 839 1530 quae

147 1541 298 1577 aguntur
324 1539 454 1579 alteris,
477 1548 553 1580 quoe
578 1547 842 1571 commemoran-

149 1592 219 1628 tnr,
233 1587 387 1630 prefert,
401 1593 561 1630 tanquam
585 1588 627 1620 ad
643 1593 755 1620 motus
770 1588 841 1620 ani-

148 1645 278 1670 mornm
291 1637 512 1670 efficaciores.
538 1639 625 1670 Piso.
670 1639 711 1687 13¹
727 1637 842 1678 uenis]

147 1688 158 1706 ‘
167 1687 299 1720 Scena’
314 1688 394 1720 olim
403 1689 608 1720 umbraculis
619 1693 654 1720 et
667 1688 841 1720 frondibus

149 1737 308 1770 arborum
325 1742 432 1776 tecta,
457 1737 575 1777 (σκηνὴ
597 1738 684 1768 enirn
710 1737 842 1769 Graecis

149 1785 259 1818 ambra
285 1790 353 1826 est,
382 1786 472 1818 unde
496 1785 691 1824 σκηνοι-ήγια
719 1785 843 1817 festum

150 1835 362 1876 Judaeorum,
373 1845 452 1868 cum
460 1836 523 1867 sub
534 1836 689 1868 tentoriis
704 1840 740 1868 et
753 1835 844 1867 fron·

150 1886 240 1918 dosia
259 1886 464 1919 habitaculis
487 1887 670 1928 viverent,)
691 1891 769 1929 post
793 1893 844 1919 ta-

151 1936 276 1969 bulatis
289 1941 505 1971 constructa:
528 1937 654 1968 deiude
668 1937 844 1978 contigna-

150 1986 300 2018 tionibus
312 1986 440 2019 duabus
453 1991 512 2018 aut
525 1987 631 2018 tribus
642 1991 842 2028 compacta3

150 2037 284 2070 demum
299 2046 401 2069 scena
414 2047 455 2069 ac
469 2038 638 2069 theatrum
660 2047 703 2070 ex
726 2037 842 2079 lapide

150 2086 354 2120 ‘edificatum
376 2087 454 2120 fnit.
476 2089 634 2120 Nunnius.
681 2088 750 2120 Aut
771 2092 843 2120 acta

148 2136 296 2179 refertar]
316 2138 408 2172 Quia
431 2148 484 2170 res
507 2144 562 2171 est
580 2139 654 2170 visu
670 2138 774 2180 foeda,
788 2140 843 2171 vel

150 2187 249 2221 nimis
263 2194 363 2219 atrox
378 2193 415 2220 et
429 2188 649 2220 incredibilis.

164 2248 166 2250 ·
195 2239 257 2269 180
289 2237 426 2278 Segnius
451 2238 584 2270 irritant
612 2239 746 2281 απίπωε]
778 2240 843 2271 Illa

151 2295 228 2327 quas
259 2286 408 2319 videmus
435 2293 574 2320 movent
599 2290 843 2332 vehementius,

154 2344 255 2377 quam
284 2346 359 2377 quae
385 2336 538 2368 audimus
563 2343 705 2371 tantum.
750 2339 842 2371 Hinc

153 2385 350 2418 Plautinum
369 2386 472 2418 illud:
496 2387 507 2405 ⁴
523 2386 607 2418 Plus
623 2388 714 2420 valet
729 2390 843 2421 ocula-

154 2438 211 2467 tas
232 2435 330 2467 testis
355 2445 453 2472 unus,
473 2445 570 2477 quam
585 2437 688 2469 auriti
702 2438 842 2472 decem!

155 2482 259 2514 Unde
280 2488 318 2515 et
342 2485 352 2502 ‘
365 2484 484 2517 fideles
505 2485 639 2518 oeulos'
663 2487 774 2520 Po’e'ta
786 2499 844 2531 ap-

156 2532 279 2574 pellat.
302 2534 458 2566 Nunnius.
499 2536 646 2568 nemim
657 2547 713 2578 per
725 2540 845 2581 wem]

157 2581 300 2615 Audita.

202 2634 262 2664 181
280 2632 383 2669 Quam
393 2634 475 2675 qua]
489 2634 599 2668 Quam
613 2646 687 2678 que
701 2647 845 2672 cernuu-

158 2685 228 2714 ιω.
266 2683 443 2724 Fidelibas]
464 2683 519 2716 Ad
534 2684 634 2718 fid-
652 2686 844 2723 faciendam

158 2732 266 2774 magis
280 2733 395 2766 valent
408 2734 510 2776 oculi,
521 2745 620 2778 quam
634 2746 743 2772 aures.

201 2784 262 2815 188
299 2784 341 2816 In
366 2784 502 2827 seeum]
539 2785 580 2818 In
614 2794 844 2831 conspectum.

1474 233 1586 277 189⁷

885 334 1049 373 nult-que
1078 334 1180 374 colles]
1214 335 1330 366 Docet
1356 336 1461 366 multa
1494 335 1587 369 intus

884 383 1027 422 agenda,
1054 383 1271 424 tollendaqne
1297 393 1342 415 ex
1368 385 1490 423 oculis,
1507 396 1582 426 quae

885 433 1016 464 scilicet
1049 432 1139 464 visus
1178 433 1372 472 exhorreat,
1413 439 1585 475 tamquam

884 482 1107 523 incredibilia,
1150 483 1305 524 turpiora
1340 489 1378 516 et
1416 485 1588 516 atrociora

886 541 985 573 quam
1001 536 1039 564 nt
1054 533 1146 564 oculi
1162 532 1288 566 ferant.
1326 534 1415 566 Haee
1432 535 1464 566 in
1482 544 1589 566 scena

885 581 1018 623 referri,
1047 592 1113 614 nou
1137 584 1192 624 agi
1211 584 1293 615 vult
1330 583 1516 624 Horatius3
1539 586 1588 617 ita

885 635 1012 668 tamen,
1040 636 1080 664 nt
1113 632 1350 666 efficacissima
1388 635 1588 676 eloquentia

885 682 1115 724 proferantur,
1148 688 1186 714 ut
1222 694 1290 716 non
1334 689 1402 716 tam
1441 687 1590 727 narrari,

886 741 986 773 quam
1011 733 1064 772 agi
1091 733 1284 766 videantur.
1306 734 1466 767 Nunnius.
1524 737 1587 768 Fa-

886 782 998 814 cundia
1017 782 1171 823 proesens]
1193 782 1316 816 Oratio
1331 784 1459 816 diserta
1474 795 1587 819 coram

886 833 1148 873 spectatoribus.

932 886 991 914 185
1030 884 1098 915 Nec
1130 893 1241 924 pueros
1264 887 1384 927 coram]
1423 886 1591 927 Exempla

887 933 1030 975 subjicit
1045 943 1163 966 eorum
1179 944 1255 976 quae
1272 944 1292 967 e
1304 942 1495 977 conspectu
1512 936 1590 968 snb-

887 983 1054 1016 tnovenda
1068 989 1160 1016 suut.
1205 984 1320 1017 Medea
1334 986 1488 1026 trucidet]
1511 987 1588 1018 Me·

887 1033 950 1065 dea
969 1034 1131 1076 Scythico
1153 1044 1279 1076 genere
1307 1041 1399 1072 nata,
1425 1037 1587 1070 Jasonem

887 1089 1019 1125 secuta,
1036 1085 1226 1126 relictaque
1243 1086 1354 1126 patria
1369 1091 1404 1118 et
1417 1093 1515 1127 patre
1532 1087 1587 1119 Ε-

890 1138 937 1173 ta,
964 1133 1106 1165 fratrem
1128 1134 1318 1175 Absyrtum
1348 1136 1490 1177 occidit,
1514 1147 1590 1169 cot·-

890 1195 1019 1228 pusque
1035 1187 1248 1219 membratim
1272 1188 1470 1229 discerpsit,
1487 1194 1525 1221 ut
1540 1190 1591 1221 ita

890 1240 1021 1275 patrem
1035 1236 1270 1277 insequentem
1283 1238 1436 1279 reliquiis
1447 1238 1508 1270 tilii
1519 1239 1590 1271 col-

889 1285 1035 1326 ligendis
1049 1291 1291 1319 remoraretur.
1315 1288 1475 1320 Nunnius.

932 1337 995 1367 186
1015 1335 1083 1367 Aac
1112 1336 1246 1368 hamana
1271 1336 1392 1377 polana]
1424 1337 1524 1369 Atrei
1553 1342 1591 1370 et

888 1386 1147 1428 Thyestaeaota
1163 1387 1315 1420 historia.
1349 1387 1440 1420 Vide
1464 1399 1512 1420 vs.
1534 1391 1590 1421 91.

892 1436 1047 1469 Nunnius.
1090 1437 1226 1478 Atreus]
1263 1438 1320 1470 De
1349 1446 1416 1480 quo
1447 1439 1526 1471 vide
1563 1447 1590 1471 ι.

890 1486 960 1519 Od.
983 1490 1036 1519 16.

933 1540 994 1569 187
1017 1537 1085 1569 Aut
1106 1538 1140 1570 in
1163 1548 1252 1570 avem
1267 1539 1410 1581 Progne]
1435 1539 1594 1580 Superio-

889 1587 984 1619 ribus
1013 1589 1179 1629 exemplis
1208 1589 1326 1621 docuit
1361 1590 1591 1622 submovenda

890 1638 1046 1679 quaedam
1062 1648 1105 1669 ex
1121 1639 1242 1678 oculis,
1263 1644 1301 1671 ut
1324 1639 1424 1671 nimis
1440 1640 1590 1670 atrocia:

889 1689 943 1720 liic
959 1688 1061 1720 docet
1087 1698 1154 1719 non
1181 1689 1314 1730 agenda
1335 1689 1406 1730 illa,
1433 1699 1508 1730 qnae
1523 1689 1592 1720 fide

891 1744 1043 1770 emant.
1089 1738 1232 1778 Progne]
1254 1739 1427 1779 Prognem
1443 1738 1595 1770 Pandio-

891 1788 944 1819 nis
966 1787 1070 1819 filiam
1098 1798 1238 1819 uxorem
1261 1789 1363 1820 duxit
1386 1789 1527 1830 Tereus,
1549 1799 1594 1822 ex

892 1848 960 1880 qua
982 1839 1054 1870 Itiu
1069 1839 1217 1870 sustulit,
1262 1840 1351 1871 Post
1372 1849 1448 1871 cum
1477 1840 1594 1871 Philo-

891 1889 981 1919 mela
995 1897 1146 1920 sororem
1161 1889 1269 1920 Tereo
1285 1894 1427 1929 nuptam
1444 1889 1593 1922 invisere

892 1939 1009 1978 veltet,
1033 1948 1092 1969 rex
1121 1939 1283 1970 barbarus
1309 1940 1480 1971 adamavit
1496 1942 1595 1982 puel-

891 1989 972 2030 lam,
993 1998 1134 2030 eamque
1160 1997 1223 2029 per
1249 1990 1316 2021 vim
1341 1991 1534 2031 stupravit3
1557 1996 1594 2024 et

890 2049 934 2071 ne
949 2038 1084 2071 facinus
1104 2040 1334 2082 evulgaretur,
1353 2041 1500 2083 linguam
1516 2042 1594 2073 abs-

891 2090 984 2129 tulit,
998 2095 1100 2132 atque
1115 2089 1150 2121 in
1167 2090 1260 2123 silvis
1276 2093 1471 2124 occultavit.
1511 2094 1595 2125 Phi-

891 2141 1014 2172 lomela
1030 2150 1110 2173 vero
1137 2150 1201 2173 acu
1226 2143 1329 2183 peplo
1355 2151 1426 2174 rem
1443 2148 1483 2176 ut
1500 2143 1594 2176 facta

892 2195 967 2222 erat
990 2191 1152 2231 intexuit,
1174 2196 1210 2223 et
1232 2192 1403 2232 depictam
1431 2193 1474 2224 ad
1501 2203 1594 2226 soro-

893 2250 964 2272 rem
986 2242 1089 2273 misit.
1132 2243 1231 2281 Quae,
1254 2243 1428 2275 intellecta
1450 2244 1596 2275 crudeli-

894 2296 966 2324 tate
996 2297 1033 2323 et
1061 2292 1201 2324 libidine
1231 2293 1357 2332 mariti,
1386 2294 1454 2324 ltin
1487 2293 1593 2325 filium

893 2343 999 2382 coxit,
1014 2347 1050 2374 et
1071 2343 1180 2374 Tereo
1195 2343 1402 2384 epulandum
1420 2344 1593 2384 apposuit.

893 2393 981 2424 Vide
997 2393 1213 2430 Pausaniam,
1238 2393 1344 2424 Ovid.
1370 2393 1458 2424 Met.
1481 2403 1535 2426 vr.
1557 2399 1595 2426 et

892 2443 1101 2484 interpretes
1114 2443 1236 2474 Horat.
1253 2452 1306 2475 rv.
1321 2442 1389 2473 Od.
1408 2446 1460 2475 12.
1483 2444 1594 2476 Nana-

893 2494 1021 2532 Progne
1035 2493 1192 2533 vertatur]
1218 2493 1355 2533 Progne
1380 2492 1464 2534 Ityn
1487 2494 1592 2527 filium

894 2543 1007 2575 Tereo
1019 2543 1140 2574 marito
1152 2542 1396 2575 comedendum
1410 2546 1569 2586 apposnit
1582 2557 1592 2585 ;

895 2593 973 2624 vide
987 2601 1040 2625 ιν.
1058 2592 1127 2624 Od.
1146 2595 1197 2624 12.
1242 2594 1379 2626 Cadmus
1392 2594 1427 2627 in
1440 2596 1591 2636 unguem]

896 2643 1043 2675 Cadmus
1065 2642 1232 2683 Agenoris
1253 2642 1341 2676 filius
1360 2646 1478 2678 missus
1495 2656 1515 2678 a
1531 2657 1592 2688 pa-

896 2697 947 2724 tre
963 2692 1006 2723 ad
1021 2692 1288 2734 investigandam
1312 2703 1462 2727 sororem
1483 2697 1594 2729 Euro·

897 2751 989 2783 pam,
1000 2752 1020 2774 a
1032 2742 1119 2777 Jove
1134 2744 1223 2775 tauri
1235 2744 1350 2785 specie
1360 2751 1507 2787 raptam,
1518 2752 1591 2778 tan-

898 2791 973 2824 dem
989 2792 1145 2834 pervenit
1160 2793 1193 2825 iu
1217 2793 1422 2835 Phocidem3
1446 2806 1590 2837 cumque
