1858 3184
431 239 635 270 nonA'ru
670 237 1019 289 Ενιετοιᾼιιυιι
1051 237 1149 269 mn.
1182 238 1234 268 ιι.
1267 229 1307 268 l.

155 336 286 364 naturae
299 333 426 372 Deum,
438 332 495 374 qui
509 331 591 363 fucit
600 330 750 362 homines
764 329 844 360 vitaz

155 381 335 414 brevitatis
364 391 438 413 esse
465 389 639 412 memores.
689 378 846 410 uenam

155 430 257 463 brev-‘s
269 431 345 472 σοι’]
361 431 460 462 Hane
473 429 674 470 scripturam
689 432 844 459 asserunt

154 479 242 512 Mss-
256 486 393 518 omnes;
413 487 488 509 nam
510 478 521 496 ⁴
535 486 715 509 memorem
731 476 843 508 brevis

156 530 222 561 mvi
236 528 399 562 Genium'
415 528 511 563 dicit,
532 527 589 568 qui
603 536 664 558 nos
679 535 843 558 memores

156 578 293 620 reddat,
313 583 352 610 ut
374 585 402 610 Ι.
416 576 486 610 Od.
500 579 532 608 9.
552 576 563 594 ‘
575 575 754 616 Impressit
775 583 844 605 me-

153 636 283 660 morem
307 627 411 660 dente
434 625 535 658 lsbris
562 624 699 656 notam.’
718 623 754 655 id
780 628 844 659 est,

154 686 231 720 qun
244 677 316 719 ejus
332 677 390 718 qui
403 674 574 715 impressit
587 678 736 706 ruentem
752 674 843 704 exci-

154 731 218 760 ter.
231 731 278 759 et
289 725 386 766 VIrg.
406 725 417 742 ‘
433 724 618 755 Memorem
634 723 780 756 Junonis
800 723 843 754 ob

154 774 265 814 inm:
277 783 343 806 non
361 783 436 814 quae
451 772 666 812 meminerat,
683 771 743 803 sed
766 782 842 814 quae

155 825 191 857 in
205 823 366 856 memoris
380 826 468 855 erat.
491 823 634 854 Torrent.

195 875 258 905 145
279 871 463 913 Faces-ina]
492 871 614 902 Plures
644 870 737 911 libri,
767 871 843 903 Fes-

151 923 292 956 amhn.
337 922 558 954 Fescennium
573 926 674 953 voest
689 921 779 954 Plio.
794 931 844 954 iv.

152 975 186 1005 5.
208 971 356 1005 Etrurioe
382 971 569 1012 oppidum·
559 994 570 1010 ‚
591 971 679 1012 quod
707 972 844 1004 Servius

153 1026 267 1054 tamen
285 1021 479 1063 campanie
501 1020 672 1060 adscribit,
698 1021 732 1052 in
761 1022 843 1053 illud

153 1073 288 1115 virgilii
316 1072 391 1104 AEn.
421 1080 484 1103 vn.
516 1077 526 1090 ‘
540 1071 587 1103 Hi
618 1071 846 1103 Fescenninas

63 1142 91 1155 ι.
154 1121 259 1161 acies,
271 1129 454 1162 equosque
469 1119 640 1159 Faliscos‚’
662 1119 790 1151 addens
802 1121 846 1151 ab

155 1169 417 1202 Atheniensibus
438 1169 576 1200 duxisse
605 1168 781 1209 originem.
809 1174 846 1201 et

154 1219 294 1251 inventu
317 1218 442 1250 ibidem
466 1217 571 1249 fuisse
595 1217 762 1258 nuptialis
775 1227 846 1249 car-

155 1268 256 1299 mina.
312 1268 361 1299 Et
390 1267 509 1299 Festus
538 1266 672 1307 adjicit,
695 1266 772 1298 ideo
796 1267 846 1299 sic

155 1316 224 1349 dici
237 1316 360 1357 videri,
384 1315 476 1358 quod
489 1315 657 1347 fascinum
671 1316 846 1357 ‚putabun-

154 1371 213 1398 tur
226 1375 357 1398 arcere.
400 1365 568 1406 Quicquid
584 1364 643 1405 sit,
657 1364 687 1395 si
702 1365 844 1397 Fescen-

152 1417 245 1448 nium
270 1414 461 1448 conditores
485 1413 713 1446 Athenienses
738 1414 845 1456 fuere,

154 1464 196 1496 sd
209 1474 268 1497 eos
287 1462 475 1496 *referende
487 1463 709 1495 Fescenninae
725 1468 794 1494 tam
809 1464 844 1495 ln

152 1513 294 1555 nuptiis,
306 1523 405 1555 quam
417 1513 452 1544 in
467 1512 600 1544 theatro
614 1512 761 1544 licentiae
778 1513 844 1544 ori-

153 1572 199 1604 go
212 1567 279 1596 est.
310 1563 400 1596 Quin
413 1572 478 1602 ego
499 1562 534 1593 in
550 1562 684 1593 theatro
699 1563 843 1603 primum

151 1611 269 1651 fuisse,
296 1617 334 1645 et
357 1612 436 1644 inde
459 1612 502 1643 sd
529 1612 719 1652 nuptiarum
736 1613 843 1643 thala-

153 1671 226 1693 mos
259 1666 457 1703 penetrasse
490 1661 692 1692 crediderim
714 1672 723 1700 ;
765 1671 843 1692 nam

155 1710 314 1753 quicquid
331 1711 495 1756 purithoc
507 1715 560 1741 est
573 1708 730 1750 Satyrica
745 1710 846 1741 liber-

156 1764 242 1800 tate,
272 1760 409 1799 dicitur,
440 1759 450 1776 ‘
467 1758 675 1789 Fescennina
700 1758 844 1789 locutio'

153 1814 222 1840 est.
265 1809 396 1840 Verum
422 1808 466 1838 de
499 1811 573 1838 tots
599 1815 636 1837 re
663 1815 764 1847 quam
792 1807 846 1838 bic

155 1861 286 1889 tractat
301 1855 478 1894 Horatius,
487 1856 606 1896 pulcre
621 1855 735 1886 Livius
750 1856 847 1887 initio

155 1906 215 1938 lib.
223 1914 290 1937 vn.
301 1914 400 1946 quem
416 1904 506 1935 vide.
530 1897 671 1935 rme-it.
717 1904 846 1936 Fescen-

154 1955 232 1987 nin-
249 1964 314 1995 per·v
331 1954 412 1985 hunc
432 1954 560 1984 {noma
577 1953 703 1984 licentia
717 1953 845 1993 menn]

153 2004 225 2036 Per
237 2003 326 2036 hunc
346 2006 473 2034 morum
496 2003 773 2034 consuetudinem
789 2012 845 2034 ve-

142 2045 264 2084 terum
286 2051 521 2093 agricolarum,
541 2051 744 2082 Fescennini
772 2061 846 2082 ver-

155 2110 222 2141 su,
233 2101 287 2144 (in
312 2100 431 2142 quibus
452 2100 572 2141 ¹iocosa
597 2101 749 2132 convitia
770 2110 846 2132 cum

154 2159 279 2192 magna
298 2150 438 2182 licentia
458 2149 768 2191 exprimebantur,)
790 2151 846 2182 ha-

154 2199 286 2232 bebant
304 2200 414 2232 locum
438 2200 473 2230 in
490 2199 671 2240 quoslibet.
717 2200 772 2231 Ab
786 2210 846 2240 op-

155 2249 238 2290 pido
250 2249 462 2282 Fescennino
477 2259 600 2280 nomen
621 2254 847 2295 sumpserunt.

199 2301 262 2332 14⁶
290 2298 437 2331 Versibus
449 2299 580 2330 alternis
604 2299 766 2339 opprobria
779 2309 848 2331 rus-

154 2348 339 2388 ticnsudit]
361 2349 505 2379 Veteres
538 2349 740 2380 membranae
766 2350 847 2381 scri-

154 2397 244 2429 bunt
255 2397 425 2438 obprobria.
465 2397 523 2429 Sic
538 2402 651 2429 sutem
671 2398 763 2430 inter
782 2399 848 2430 alia

157 2445 286 2486 Livius,
294 2456 361 2488 qno
367 2447 442 2487 jam
457 2446 529 2478 dixi
542 2448 629 2478 loco.
675 2447 848 2487 Oppi-ebria

159 2498 272 2526 autem
286 2495 407 2526 rustica
421 2496 475 2526 vel
488 2496 662 2536 praecipus
668 2497 760 2536 olim,
774 2498 848 2539 qui·

158 2543 222 2575 bus
242 2543 387 2575 invicem
408 2543 571 2575 desidiam
595 2546 848 2585 exprobrabunt

157 2601 263 2627 suam.
278 2596 317 2624 nt
331 2601 358 2623 1.
376 2591 449 2623 Sat.
459 2594 491 2624 8.
534 2594 544 2610 ‘
559 2593 686 2633 Magus
700 2597 846 2637 compel-

159 2643 233 2673 lans
247 2651 330 2673 voce
343 2641 536 2673 cucullum-¹
560 2642 701 2675 Torreat.

204 2693 265 2722 147
302 2689 522 2731 Liberumque]
557 2692 783 2726 Anniversalis
809 2695 848 2726 li·

161 2740 288 2772 bertas.

1476 226 1588 268 1855

936 329 999 359 148
1019 326 1311 367 Lusitcncln'lieer]
1325 327 1451 360 Jocnta
1466 334 1520 360 est
1535 330 1587 360 fa-

892 379 970 407 cete
985 375 1059 407 sine
1075 375 1252 407 verborum
1269 377 1490 408 contumelia.

935 427 999 456 1⁴9
1020 424 1062 455 In
1087 424 1205 456 rabiem
1229 424 1326 465 certi]
1357 425 1398 456 In
1429 430 1583 466 apertam

892 474 1177 505 maledicentium.

936 526 997 555 150
1019 524 1073 556 Ire
1082 525 1187 555 domos
1201 523 1338 565 impune]
1353 523 1483 555 Probus
1499 524 1587 555 viros

893 571 1029 613 publice
1047 578 1084 604 et
1101 573 1298 605 nominatim
1320 582 1475 613 carpens.
1519 573 1588 604 Do-

891 622 976 653 luere
1004 621 1146 662 crmto]
1185 622 1254 655 Qui
1277 622 1434 653 convitiis
1460 622 1588 653 lacera·
1620 657 1624 660 ‚

893 670 1029 709 bantur,
1044 680 1137 711 a’gre
1157 671 1309 703 tulerunt
1333 672 1424 703 illam
1449 666 1588 703 maledi·

893 720 992 751 cendi
1008 720 1194 751 licentiam.

937 772 997 801 151
1021 770 1157 801 Intactis
1177 769 1309 810 quoque]
1332 770 1461 811 liquos
1486 771 1588 802 mule-

893 818 1043 852 diceutis
1058 828 1123 850 non
1145 820 1323 860 attigerat,
1336 819 1505 851 communi
1528 829 1587 862 pe-

894 869 1002 902 riculo
1018 869 1285 910 prospiciebant.

937 921 1000 950 1⁶2
1020 918 1123 959 Super
1133 919 1302 961 comni]
1321 920 1377 951 De
1393 919 1588 952 conditione

893 970 1072 1001 communi.

939 1021 1001 1050 153
1041 1018 1202 1059 Poenaque
1226 1019 1309 1061 tata]
1344 1019 1434 1051 Nota
1462 1019 1588 1051 habent

896 1074 964 1101 tres
980 1068 1141 1107 codices;
1167 1079 1230 1100 nec
1250 1069 1423 1110 displicet.
1449 1070 1588 1101 Tor-rene.

896 1118 1051 1158 Panaque
1061 1117 1142 1157 lata]
1154 1119 1199 1149 Et
1214 1128 1316 1158 poena
1325 1119 1509 1150 constituta
1524 1124 1588 1150 est.

895 1168 984 1199 Malo
998 1169 1081 1208 quoe]
1104 1168 1278 1199 Maledico
1293 1169 1454 1200 carmine.

939 1220 1002 1249 154
1030 1218 1158 1249 Vertere
1195 1218 1332 1258 modum]
1365 1218 1590 1250 Mutavernnt

895 1267 1061 1298 rationem
1089 1266 1259 1298 scribendi
1299 1271 1392 1298 metu
1418 1265 1589 1298 fustuarii.

896 1313 1200 1354 Fomidinesustis]
1213 1316 1224 1332 ⁴
1235 1314 1372 1346 Fustem
1381 1313 1392 1327 '
1412 1323 1476 1354 pro
1490 1313 1589 1346 fusti-

895 1363 1034 1402 natione
1063 1363 1164 1402 dixit,
1189 1362 1280 1404 quod
1304 1363 1463 1404 supplicii
1483 1373 1588 1404 genus

893 1410 1000 1443 fuisse
1026 1420 1052 1443 ι.
1081 1412 1152 1444 Sst.
1175 1414 1207 1444 3.
1232 1412 1453 1443 ostendimus.
1497 1411 1590 1445 Hinc
1616 1419 1620 1423 ·

893 1461 996 1493 toties
1011 1460 1101 1502 apud
1116 1461 1223 1494 JCtos
1254 1465 1264 1480 ⁸
1276 1461 1422 1494 fustibus
1439 1462 1590 1494 animad-

894 1511 993 1550 verti,
1034 1511 1208 1552 castig-ri,
1254 1511 1353 1551 caedi,
1389 1511 1589 1544 admoneri.'

891 1561 901 1578 ‘
913 1561 1042 1592 Fustim
1053 1561 1061 1574 ’
1079 1571 1160 1602 ergo
1182 1572 1244 1602 pro
1266 1572 1479 1605 quacumque
1495 1562 1588 1594 coe'r—

893 1611 1019 1642 citione
1041 1611 1151 1643 Poeta
1180 1612 1277 1652 dixit,
1312 1621 1379 1652 qus
1409 1612 1587 1643 maledico-

895 1670 966 1691 rum
981 1660 1149 1691 hominum
1172 1661 1315 1692 latratus
1337 1661 1587 1691 cohiberentur.

896 1708 1029 1739 Addam
1054 1714 1238 1748 postremo,
1265 1708 1412 1739 fustibus
1439 1708 1589 1748 discipli-

895 1758 948 1788 uzi
970 1765 1088 1787 caussa
1113 1756 1243 1788 delicta
1263 1757 1408 1788 militum
1431 1757 1589 1797 castigari

896 1807 1006 1837 solere
1020 1816 1029 1836 ι
1045 1806 1136 1836 unde
1152 1807 1162 1824 ‘
1172 1805 1373 1844 fustuarium
1388 1804 1397 1819 '
1412 1811 1587 1838 castrense

896 1854 1115 1886 vocabulum:
1131 1864 1331 1896 quamquam
1346 1856 1415 1887 vite
1429 1855 1501 1887 fere
1509 1866 1587 1888 cen-

897 1903 1047 1934 turiones
1059 1904 1101 1934 ad
1114 1905 1177 1935 linc
1189 1909 1377 1936 uterentur.
1402 1906 1544 1937 Torreat.

938 1955 999 1984 155
1022 1952 1076 1984 Aa
1090 1953 1163 1985 bene
1173 1954 1350 1995 dicendum]
1369 1955 1447 1986 Nou
1460 1955 1503 1987 ad
1520 1965 1586 1986 ma-

894 2002 1119 2034 ledicendum.
1567 2029 1574 2032 .

939 2055 1001 2084 156
1017 2053 1144 2084 Grecis
1157 2047 1364 2095 'captaserum
1378 2055 1525 2087 victorem
1538 2065 1587 2087 ce-

893 2102 959 2143 pit]
985 2102 1041 2134 lta
1061 2108 1100 2134 ut
1122 2105 1224 2135 armis
1248 2105 1337 2136 victa
1358 2104 1507 2145 Graecia,
1522 2106 1586 2137 Ro-

894 2161 982 2183 mam
992 2151 1127 2183 tandem
1137 2152 1208 2184 otio
1221 2163 1260 2185 ac
1273 2154 1353 2184 luxu
1367 2154 1487 2186 vicerit
1498 2165 1509 2193 ;
1523 2161 1589 2186 tra-

895 2199 1007 2232 dendo
1027 2207 1119 2233 artes
1140 2201 1262 2243 quibu‘s
1292 2213 1402 2234 mores
1418 2205 1587 2244 corrumpi

895 2258 1050 2292 eoepere:
1065 2256 1104 2283 ut
1119 2253 1280 2284 victorem
1291 2252 1491 2284 Annibalem
1506 2254 1588 2285 vicit

896 2298 1022 2340 Capua.
1064 2299 1172 2342 quue
1192 2305 1357 2342 perpetuo
1380 2308 1588 2343 conquestus

895 2353 949 2379 est
962 2348 1059 2388 Cato,
1073 2349 1308 2381 Graecanicam
1330 2349 1448 2380 urbem
1468 2360 1505 2381 se
1520 2360 1587 2382 non

895 2396 1023 2428 diutius
1047 2407 1146 2438 posse
1163 2399 1308 2429 tolerare
1324 2399 1359 2428 in
1382 2398 1511 2430 Senatu
1525 2409 1585 2431 ex-

894 2447 1052 2478 clamans.
1078 2447 1127 2478 At
1142 2453 1269 2488 quanto
1284 2447 1411 2487 justius
1431 2447 1584 2480 Juvenu-

894 2497 957 2528 lis:
971 2497 982 2514 ‘
991 2498 1022 2528 N
1027 2506 1070 2528 on
1081 2506 1215 2537 possum
1225 2495 1315 2527 ferre
1326 2496 1476 2530 Quirites
1487 2498 1585 2531 Grae-

894 2555 967 2577 cam
976 2545 1115 2576 urbem!
1127 2545 1216 2575 Torr.
1243 2545 1585 2587 Groeciucuptasermn‚

894 2596 962 2636 ξω]
977 2596 1115 2626 Graecia
1129 2605 1150 2626 a
1164 2595 1325 2627 Romanis
1341 2597 1430 2629 bello
1444 2597 1586 2630 subacta

896 2645 989 2684 cepit
1004 2643 1148 2674 vicissim
1162 2643 1213 2685 (id
1238 2650 1303 2686 est,
1316 2644 1502 2688 delectavit
1516 2649 1585 2679 suis

896 2691 1043 2732 artibus)
1055 2693 1147 2733 ipsos
1157 2693 1302 2727 victores
1314 2696 1493 2731 Romanos,
1503 2706 1585 2729 non-

897 2741 977 2775 dum
992 2742 1238 2776 humanioribus
1251 2743 1358 2776 literis
1373 2746 1558 2787 expolitos.
