1858 3184
442 238 651 270 HoRA'ru
684 239 748 270 DE
777 237 909 269 ARTE
942 238 1151 269 PossTch
1190 239 1285 269 Lm.

136 331 276 373 aliquid,
292 332 380 364 audi.

181 385 242 414 1⁵4
258 383 295 414 Si
305 382 472 423 pam-oris]
491 381 534 414 ld
549 385 612 420 est,
623 380 828 421 approbato-

135 433 193 465 ris.
236 433 313 465 Mos
327 438 414 471 erat,
425 437 463 464 ut
473 430 616 473 probata
629 428 745 462 fabula
758 439 827 461 ma-

134 491 237 514 nuum
259 483 425 524 applausu
452 481 681 520 exciperetur,
702 473 838 520 impro·‘

133 531 218 564 bata
240 532 365 573 pedum
388 531 606 573 supplosione
630 529 825 561 exsibilare-

133 585 200 615 tur.
246 582 338 615 Hinc
358 583 370 600 ‘
382 580 494 614 stare'
515 586 552 613 et
572 579 717 611 ‘cadere
729 579 824 611 fabu-

131 631 185 663 la'
209 631 335 664 dicitnr
352 631 496 664 Horatio
510 635 546 662 et
560 630 731 661 Terentio.
761 630 825 666 Tu,

131 681 254 722 inquit,
274 681 304 714 si
327 680 441 713 fausto
454 679 644 711 auditorum
660 679 824 720 applausu

92 744 95 745 ⁷
130 730 294 763 Poe-ata
317 734 378 762 tna
402 728 538 770 probari
562 727 747 767 desideras,
765 728 824 760 ob·

129 790 243 821 serva,
271 789 348 822 que
373 778 536 820 deinceps
565 778 710 810 docebo.
733 779 824 811 Nan-

126 831 209 864 nt’us.
251 830 292 862 δι’
301 831 454 871 plausoris
470 828 560 870 eges]
580 829 617 861 Si
634 830 823 871 plausorem

126 880 272 922 expetis.
314 879 498 912 Phamea-
526 884 640 911 autem
664 880 823 922 intelligit

125 935 367 972 spectatorem,
382 931 439 972 qui
453 931 572 971 plausu
588 930 756 971 approbat
771 931 822 966 fa-

123 980 249 1013 bulam.
293 981 405 1014 Aalaea
428 980 596 1021 muniis]
618 980 659 1012 Id
682 986 746 1021 est,
761 991 820 1013 ex-

124 1032 314 1072 spectantis
358 1032 577 1063 remotionem
624 1032 820 1063 aulaeorum.

125 1082 246 1114 Picent.
290 1081 330 1114 Si
349 1082 501 1123 plausoris
521 1081 608 1122 eges]
631 1082 732 1114 Nova
752 1083 820 1123 sig-

125 1131 320 1175 nificatione
347 1136 489 1172 usurpat
510 1131 565 1163 hic
589 1130 628 1162 τὸ
651 1141 735 1171 egeo,
759 1141 821 1172 pro

124 1180 292 1212 desidero.
328 1180 367 1212 Si
387 1181 540 1221 plausoris
552 1190 624 1220 eges
642 1181 741 1212 ωσι
755 1191 821 1213 ηια-

124 1229 243 1270 neatis]
264 1229 301 1262 si
319 1234 549 1271 spectatorem
570 1230 690 1271 plausu
705 1229 820 1262 faven-

125 1285 195 1311 tem
210 1280 308 1321 cupis
321 1280 384 1312 tibi
406 1281 615 1321 contingere,
628 1280 686 1322 qui
699 1281 819 1313 tantis·

120 1337 185 1369 per
207 1334 346 1361 maneat
367 1329 404 1360 in
426 1330 574 1370 theatro,
588 1330 696 1361 donec
710 1331 819 1362 aulaea

120 1383 372 1411 removeantur.
415 1378 544 1411 Aulaeis
559 1379 650 1411 enim
667 1380 816 1420 parietes

120 1437 232 1461 sceno
248 1427 389 1463 fuerunt
402 1429 524 1461 ornati.
565 1429 678 1461 Aaloea
691 1439 816 1461 nuen-

119 1477 179 1519 tio]
200 1479 212 1496 ‘
222 1479 343 1511 Manet
355 1480 463 1511 aulea
473 1479 484 1493 ’
499 1480 541 1519 is,
555 1479 612 1521 qui
623 1485 814 1521 exspectat,

119 1526 198 1560 dum
214 1528 390 1560 tollantur.
423 1529 545 1561 Aulaea
559 1533 637 1561 sunt
652 1529 814 1570 peristro-

118 1582 210 1610 mata
226 1582 263 1610 et
287 1578 564 1619 peripetasmata,
574 1579 696 1620 quibus
711 1588 815 1611 scena

118 1627 237 1660 vestiri
265 1628 452 1670 antiquitus
489 1628 632 1667 solebat,
662 1628 815 1660 demissis

119 1677 255 1719 quidem
281 1688 358 1710 cum
378 1678 560 1719 prodibant
574 1684 721 1718 actores,
736 1679 814 1710 sub·

117 1727 198 1760 latis
212 1738 293 1760 vero
307 1738 383 1760 cum
400 1735 542 1770 peracta
560 1730 631 1770 jam
652 1735 743 1761 esset
764 1729 814 1761 fa·

117 1776 210 1810 bula.
255 1778 424 1821 Dictaque
453 1784 533 1810 suut
562 1779 691 1810 Latinis
716 1780 815 1810 ualaeu

116 1826 160 1859 ab
181 1827 305 1867 ‘aula,'
328 1828 418 1869 quod
442 1829 476 1859 in
501 1829 577 1860 auia
597 1830 687 1870 regis
703 1829 814 1862 Attali

118 1876 263 1917 primum
278 1877 417 1909 inventa
437 1877 574 1918 fuerint,
588 1883 679 1911 teste
693 1880 814 1912 Servio

114 1925 152 1958 in
178 1926 306 1968 Geni-g.
333 1935 390 1959 ιιι.
437 1928 554 1968 Usque]
585 1928 729 1969 Capitur
756 1929 812 1960 hic

114 1984 176 2017 pro
189 1985 232 2008 eo
246 1985 364 2018 usque.
387 1977 542 2010 Nunnius.

157 2028 220 2058 165
241 2026 350 2058 Donec
373 2030 492 2063 mutor,
513 2027 576 2060 Vos
596 2028 747 2069 plaudite,
761 2030 810 2061 di-

114 2075 262 2116 cussflbi
274 2086 336 2117 per
350 2081 536 2118 cautorem,
546 2078 747 2119 Tragoedum
759 2080 809 2111 in·

114 2126 309 2168 telligimus,
335 2137 434 2168 quem
455 2127 663 2160 Prudentius
682 2130 692 2147 ‘
707 2129 809 2170 tragi-

115 2186 192 2209 cam
226 2182 398 2209 cautorem
412 2177 422 2191 ’
465 2179 662 2219 appellavit.
720 2181 809 2212 Nam

114 2226 341 2268 mgoedomm
364 2237 489 2259 canere
513 2233 557 2260 et.
574 2234 711 2262 cantare
732 2241 808 2272 pro-

113 2276 189 2316 pria
202 2286 255 2308 res
266 2287 277 2308 :
299 2282 334 2308 et
349 2278 359 2295 ‘
373 2282 512 2308 cantare
527 2276 675 2311 fabulam
691 2279 701 2293 '
716 2281 808 2313 dice-

112 2326 216 2359 batur
228 2327 412 2368 tragoedus,
423 2337 499 2359 cum
509 2329 635 2369 agebat
645 2329 808 2363 fabulam.

114 2375 248 2408 Sub-m.
292 2377 398 2408 Donec
421 2378 544 2418 cantor]
568 2378 611 2409 ld
634 2385 699 2420 est,
711 2386 808 2414 actor

113 2423 251 2465 fabulae,
271 2426 326 2456 vel
350 2436 493 2467 persona
508 2427 622 2469 aliqua
635 2428 679 2460 de
694 2430 806 2463 choro.

114 2473 264 2504 Turneb.
280 2483 332 2506 lx.
346 2478 401 2506 29.
425 2476 582 2508 Nunnius.
614 2478 723 2510 Donec
736 2490 807 2513 can-

114 2522 181 2563 tor]
203 2524 325 2555 Donec
352 2525 484 2563 histrio,
511 2533 652 2567 peracta
681 2528 809 2571 fabula,

114 2573 221 2614 dicat,
250 2573 321 2604 Vos
351 2575 514 2614 plaudite.
562 2577 623 2608 Vos
653 2579 807 2622 plaudite]

115 2624 254 2656 Usitata
280 2623 424 2661 formula
452 2630 566 2658 actum
594 2632 630 2660 et
659 2627 810 2663 fabulam

115 2673 410 2706 concludentium:
445 2684 511 2706 uon
533 2677 622 2709 euim
644 2684 723 2711 ante
746 2690 806 2720 po·

113 2724 186 2766 puli
215 2724 415 2765 applausum
452 2726 672 2766 expetebant,
707 2739 806 2771 quam

114 2783 230 2808 omnes
252 2778 347 2806 actus
369 2779 482 2807 essent
502 2777 644 2818 expleti,
659 2787 701 2811 ne
715 2780 806 2811 exsi-

1456 227 1571 270 1895

879 327 1075 360 hilarentur.
1100 329 1259 359 Nunnius.

919 381 982 410 156
1004 379 1127 410 AEtaes's
1153 378 1299 419 cuiusque
1321 377 1465 418 numdi]
1498 379 1577 412 Hoc

877 432 1054 469 precepto
1082 434 1200 460 monet
1224 437 1288 470 pro
1312 429 1445 460 ratione
1463 429 1575 460 aetatis

877 479 977 511 verba
991 479 1211 521 actionesque
1238 488 1314 511 esse
1335 477 1526 514 formanda,
1539 484 1577 511 et

873 529 1011 570 singulis
1041 528 1203 561 aetatibus
1239 528 1398 560 decorum
1435 528 1577 569 ingenii,

874 579 1009 619 indolis,
1019 589 1215 621 morumque
1226 579 1490 611 attribuendum.
1502 578 1575 611 Ob·

872 630 1141 671 servandumque
1171 630 1319 671 singulas
1349 634 1471 661 aetates
1502 633 1572 661 tres

872 680 998 712 babere
1012 679 1148 720 gradus.
1183 679 1231 712 Ut
1245 681 1335 711 euim
1351 680 1362 697 ‘
1375 680 1574 712 adolescen-

873 730 942 762 tia'
962 735 999 763 et
1022 730 1206 772 ‘juventus
1219 729 1229 745 ²
1241 735 1294 762 est
1309 733 1318 747 ¹
1334 728 1477 767 viridis,’
1490 731 1501 747 ⁴
1514 729 1575 761 ad-

873 780 969 821 ulta,'
997 782 1006 799 ‘
1022 780 1202 822 pracepsss
1231 779 1350 811 eodem
1389 779 1491 811 modo
1520 789 1573 811 se-

872 832 1023 863 nectutis
1036 831 1145 872 prima
1159 840 1236 871 pars
1251 832 1261 849 ⁸
1273 828 1414 867 viridis‚'
1430 833 1467 860 ut
1480 829 1572 869 apud

872 882 1051 921 Virgilium
1062 880 1192 913 AEneid.
1207 889 1258 912 vt.
1280 879 1367 911 ‘Sed
1378 877 1484 910 cruda
1493 878 1571 909 Deo

870 932 1055 974 viridisque
1081 930 1263 963 senectus)
1307 930 1430 961 Altera
1453 927 1570 960 ‘adul-

871 982 929 1022 ta‚’
946 988 983 1014 nt
1006 982 1041 1013 in
1067 981 1241 1013 Mezentio
1258 984 1295 1011 et
1318 979 1503 1011 Idomeneo
1518 987 1571 1010 re-

870 1040 935 1070 ge:
961 1031 1062 1063 tertia
1083 1032 1093 1048 ⁴
1109 1029 1289 1071 praeceps,'
1312 1029 1420 1071 qualis
1444 1029 1478 1060 in
1498 1028 1569 1060 An-

870 1082 961 1113 chise
997 1087 1033 1114 et
1065 1082 1186 1113 Latino
1222 1080 1312 1122 apud
1348 1080 1443 1120 Virg.
1478 1080 1570 1111 Noa-

869 1142 949 1164 nus.

914 1184 974 1213 157
998 1181 1224 1222 Mobilis-uque
1245 1180 1350 1221 decor]
1373 1181 1568 1213 Crescenti-

869 1230 930 1263 bus
948 1236 1007 1263 aut
1020 1230 1298 1263 decrescentibus
1313 1231 1454 1270 naturis,
1470 1240 1567 1262 suurn

868 1281 991 1322 cuique
1006 1281 1166 1313 decorum
1182 1286 1235 1312 est
1251 1280 1483 1312 tribuendum.
1519 1282 1569 1313 Ee

866 1331 973 1371 mis]
995 1331 1040 1362 Et
1052 1340 1113 1362 sua
1128 1330 1249 1370 cuique
1261 1330 1356 1361 aetati
1373 1329 1567 1370 proprietas

867 1385 920 1412 est
935 1380 1104 1413 habenda.

902 1433 971 1465 ,158
994 1431 1138 1462 Reddere
1165 1430 1220 1471 qm·
1243 1428 1344 1469 voces]
1378 1429 1483 1469 Puer,
1506 1429 1564 1472 qni

863 1481 930 1512 scit
958 1481 1092 1522 singula
1115 1480 1295 1512 articulate
1321 1479 1435 1520 eloqui
1461 1483 1497 1510 et
1520 1479 1563 1511 ad

863 1531 1074 1572 interrogata
1110 1530 1319 1572 respondere
1352 1530 1470 1571 gestit,
1498 1532 1566 1562 &e-

863 1581 909 1611 Et
919 1582 996 1621 pede
1009 1580 1108 1621 cereo]
1134 1581 1179 1612 Et
1196 1580 1283 1621 pede
1297 1579 1498 1611 confirmato
1514 1579 1564 1610 ita

863 1629 1002 1668 incedit,
1018 1634 1057 1661 nt
1084 1630 1197 1670 signet
1222 1629 1358 1660 humum
1383 1628 1563 1669 vestigium

864 1679 1074 1720 imprimens.

907 1731 970 1763 159
991 1728 1130 1759 Par-ibus
1150 1728 1318 1768 colludere]
1344 1727 1428 1758 Cum
1449 1736 1563 1768 aeqna-

863 1776 964 1813 libus,
990 1778 1047 1818 qui
1070 1782 1148 1808 sunt
1168 1777 1322 1816 ejusdem
1345 1775 1418 1807 fere
1436 1776 1562 1808 aetatis.

863 1827 910 1858 Et
923 1827 1006 1858 iram
1021 1825 1169 1866 Colligit]
1184 1826 1342 1867 Repente
1353 1826 1511 1857 irascitur
1521 1835 1561 1857 ac

863 1875 966 1907 facile
980 1877 1149 1916 placatur.

905 1927 964 1956 161
991 1925 1127 1956 Custode
1143 1923 1274 1964 rei-oto]
1296 1923 1493 1967 Paedagngo
1508 1934 1561 1957 re·

859 1979 962 2006 moto.

902 2027 966 2056 162
1004 2023 1216 2065 censibusque]
1251 2022 1452 2055 venatione.
1512 2024 1558 2055 Et

858 2074 958 2116 aprici
968 2074 1113 2114 graiae
1135 2073 1252 2115 campi]
1274 2072 1478 2114 ‘Apricnm’
1502 2083 1561 2105 au-

859 2129 929 2156 tem
951 2127 962 2142 ⁶
974 2123 1152 2165 campum'
1174 2128 1288 2163 vocat,
1302 2123 1359 2165 qui
1374 2124 1436 2155 soli
1454 2133 1557 2165 expo-

858 2175 941 2206 situs
971 2175 1028 2206 sit.
1073 2175 1195 2206 Festus
1224 2174 1409 2214 Pompeius
1442 2175 1452 2192 ‘
1465 2174 1557 2215 apri-

857 2225 951 2257 cum'
973 2235 994 2256 a
1023 2225 1148 2257 Graeco
1173 2224 1351 2255 vocabulo
1365 2223 1476 2264 φρίκης
1497 2233 1556 2264 ap·

856 2276 1017 2317 pellatum
1027 2275 1146 2313 tradit,
1153 2274 1247 2315 quasi
1260 2272 1388 2314 ἀφρίκης
1398 2275 1470 2305 sine
1479 2274 1555 2304 hor-

856 2335 934 2358 rore
945 2324 1093 2366 frigoris.
1118 2323 1277 2355 Nunnius.
1312 2323 1356 2353 Et
1369 2323 1555 2362 apricigru·

854 2374 936 2406 mine
949 2374 1064 2415 canapi]
1088 2372 1215 2413 Aprico
1231 2380 1364 2411 campo,
1385 2380 1451 2402 non
1473 2380 1555 2411 opa-

856 2435 897 2457 co
911 2436 920 2456 ι
937 2425 1020 2456 licet
1040 2425 1104 2455 hoc
1117 2423 1160 2454 de
1176 2431 1295 2462 campo
1310 2421 1437 2452 Martio
1453 2421 1555 2453 intel-

855 2475 975 2516 ligere,
995 2475 1028 2505 in
1054 2483 1120 2515 quo
1144 2472 1378 2503 adolescentes
1400 2480 1438 2502 se
1461 2471 1553 2504 varie

856 2523 1074 2556 exercebant.

899 2576 961 2605 163
987 2573 1102 2603 Cereus
1115 2571 1149 2601 in
1163 2569 1275 2600 vitium
1285 2569 1395 2610 flecti]
1415 2569 1552 2610 Facilis,

855 2622 1057 2660 tractabilis,
1071 2620 1252 2652 deductilis
1266 2620 1308 2650 ad
1322 2619 1452 2652 vitium.
1486 2620 1552 2652 Os-

855 2674 968 2706 tendit
982 2671 1242 2704 adolescentiam
1259 2680 1397 2712 pronam
1418 2672 1453 2702 in
1468 2672 1551 2704 vitia

856 2733 944 2762 esse,
959 2727 995 2754 et
1020 2723 1129 2753 instar
1143 2730 1233 2753 cerm
1248 2719 1349 2752 facile
1365 2721 1406 2752 ad
1422 2722 1551 2762 quaevis

854 2773 986 2814 flagitia
1000 2773 1135 2808 deduci.
1156 2768 1320 2804 Videmus
1333 2774 1456 2804 multos
1474 2780 1549 2813 pes-
