1858 3184
455 251 663 284 HonA'rn
698 251 1047 289 seiaroeanum
1081 251 1174 282 un.
1205 251 1236 281 1.
1268 244 1335 284 10.

165 353 321 388 <purpura
362 346 502 378 Sidonia
537 353 733 387 comparare
766 345 860 377 lanas

144 397 148 399 '
166 406 269 429 succo
284 396 446 442 Aquinati
462 396 597 428 tinctas.

211 449 254 478 28
279 447 446 487 Pmpiusve
464 444 618 486 medellis]
652 443 753 478 Quod
783 452 860 485 pro-

170 497 246 537 pius
260 496 419 536 attingat.

207 549 251 578 29
278 544 373 586 Vero]
394 544 426 576 A
439 553 530 577 vero.

208 599 250 628 80
274 595 375 633 Quem
397 604 446 626 res
469 595 541 635 plus
560 594 655 626 nimio
675 594 859 626 delectavere

164 645 320 686 κακὼ]
342 645 420 677 Hoc
433 653 566 686 quoque
584 643 627 675 ad
650 642 783 674 laudem
810 642 858 674 rei

165 696 314 728 Rustico
339 693 553 726 referendum
565 704 576 726 ε
598 693 686 735 quod
703 693 791 725 euim
807 693 857 725 di-

164 753 243 777 cere
257 748 396 785 poterat
422 743 585 782 Aristius,
610 743 643 774 in
671 742 755 774 urbe
783 743 857 775 ‹lan-i

162 792 307 827 ffirtnnoe
323 793 448 833 locum,
474 803 540 835 qua
566 793 739 834 aspirante
755 792 856 826 facile

160 844 238 889 qais
253 847 369 886 posset
389 853 576 885 emergere,
591 843 624 875 id
640 843 855 885 pulcerrimis

160 893 312 926 versibus
338 891 465 925 refellit
490 892 668 929 Horatius,
695 893 855 926 tutiorem

161 944 342 977 ostendens
369 953 442 976 esse
462 944 641 976 honestam
658 954 697 976 ac
715 945 854 977 liberam

159 995 228 1027 ruri
239 994 631 1036 paupertatem,summis
644 994 676 1026 in
690 995 854 1027 servitute

158 1043 298 1076 divitiis.
321 1045 463 1076 Tam-em.

202 1096 242 1126 31
268 1092 434 1133 Quotient]
451 1095 731 1127 Commovebunt.
769 1096 855 1132 Quid

159 1142 325 1183 mirabere]
338 1144 373 1176 Si
385 1144 467 1185 quid
479 1145 589 1186 magni
602 1142 721 1177 facias(
733 1146 851 1188 Pones]

160 1193 336 1234 Depoues.

200 1245 246 1275 83⁷
259 1243 471 1285 Proecurrere]
498 1242 653 1276 Anteire.

200 1295 242 1325 34
257 1293 373 1324 Melior
383 1294 590 1326 communibus
603 1296 720 1338 herbis]
743 1296 853 1338 Supe-

151 1343 228 1376 ,rior
241 1342 275 1374 in
292 1352 417 1384 pugna,
432 1353 452 1375 e
467 1345 677 1385 compascuis
698 1346 852 1386 pellebat

152 1401 290 1435 equum.

204 1445 244 1474 35
269 1441 392 1483 Minor]
414 1440 574 1476 Inferior.

197 1494 240 1524 ³6
269 1492 453 1535 Imploravit
483 1492 568 1533 opes]
607 1494 691 1534 Opes
720 1494 848 1538 antiqui

148 1551 219 1587 [non
235 1547 304 1575 tam
316 1552 377 1584 pro
391 1542 531 1582 divitiis,
545 1553 644 1585 quam
657 1554 720 1586 pro
731 1550 850 1586 poten-

153 1593 214 1632 tia,
230 1601 305 1635 quae
321 1592 421 1625 modo
433 1592 465 1624 in
476 1594 634 1634 pecunia,
646 1594 706 1626 sed
720 1595 753 1626 in
767 1596 849 1628 ami-

152 1650 268 1674 corum
286 1652 431 1684 quoque,
443 1643 608 1675 sociorum
623 1649 659 1676 et
675 1655 848 1678 servorum

152 1692 252 1733 copia
266 1693 483 1729 consisteret,
496 1703 650 1735 posuere.
673 1696 773 1727 Lucr.
786 1696 847 1727 ini-

153 1742 202 1772 tio
228 1741 285 1774 lib.
314 1751 355 1773 11.
393 1742 473 1773 ‘Ad
499 1753 643 1775 summas
672 1754 847 1786 emergere

145 1801 246 1832 opes.
258 1801 435 1833 rerumque
451 1793 576 1833 potiri!
599 1795 698 1834 Virg.
712 1804 846 1836 quoque

151 1842 226 1872 AEn.
253 1849 289 1872 x.
318 1843 328 1859 ⁴
343 1842 496 1872 Tarchon
519 1842 642 1882 Jungit
667 1852 760 1883 opes,
786 1843 847 1876 foe-

151 1889 282 1932 duaque
297 1888 401 1921 ferit!
429 1889 544 1931 Atque
558 1890 608 1921 ita
621 1895 631 1909 ‘
643 1893 847 1932 opulentos,’

149 1938 290 1970 dicimus
305 1937 456 1969 homines
481 1942 637 1979 potentes
652 1937 701 1971 'ac
722 1939 843 1972 factio-

148 1997 214 2020 sos.
229 1987 368 2020 Tor-rent.
406 1988 613 2029 Froenumque
623 1989 759 2032 recepit]
771 1990 843 2023 Ho-

148 2036 230 2070 mini
241 2046 362 2079 parere
378 2037 521 2078 incepit.

190 2089 231 2119 37
252 2087 360 2119 Victor
373 2087 503 2127 violens]
527 2088 607 2119 Duo
631 2088 766 2120 codices
792 2089 841 2123 in-

147 2148 245 2177 verso
257 2137 374 2170 ordine
389 2148 397 2168 :
421 2139 430 2154 ‘
440 2137 507 2169 Sed
521 2143 701 2180 postquam
715 2141 841 2172 violens

146 2189 258 2221 victor
273 2188 431 2220 discessit
445 2189 489 2220 ab
501 2189 623 2221 hoste)
668 2191 699 2222 N
704 2200 744 2222 ec
758 2201 840 2224 sane

145 2239 316 2281 displicet,
337 2239 522 2271 violentum
542 2240 630 2273 enim
646 2241 745 2273 homo
758 2241 840 2274 effe-

145 2295 242 2321 cerat
257 2293 353 2330 tergo
367 2289 528 2328 insidens,
543 2295 579 2321 et
594 2289 662 2322 tela
670 2292 840 2325 emittens.

146 2339 287 2371 Torrent-
338 2337 462 2378 Victor]
492 2339 618 2381 Equus.
661 2341 712 2372 Ab
735 2342 836 2384 hoste]

145 2388 176 2420 A
192 2398 307 2420 cervo.

187 2441 230 2469 39
251 2436 410 2476 Metellis]
435 2436 527 2470 Auro
542 2443 578 2470 et
593 2445 748 2480 argento.

187 2489 229 2517 40
251 2487 420 2518 Dominum
440 2487 544 2527 vehet]
567 2488 729 2523 Pecuniae
745 2492 839 2534 cupi-

145 2535 300 2573 ditatem,
315 2535 369 2566 eui
385 2536 514 2567 serviet
535 2543 713 2578 perpetuo.

187 2588 227 2618 41
253 2585 339 2621 Quia
353 2594 449 2624 parvo
469 2587 585 2618 nesciet
606 2587 670 2629 uti]
693 2590 748 2622 Sic
761 2591 839 2625 libri

143 2634 274 2673 nostri;
299 2633 423 2665 demtis
452 2634 596 2677 duobus,
622 2638 678 2680 qui
699 2640 838 2683 habent,

147 2687 212 2723 Qui
235 2695 330 2726 parvo
351 2684 465 2716 nesciet
487 2686 548 2718 uti.
604 2688 699 2721 Unus
723 2693 837 2734 etiam,

140 2736 231 2776 ¹Quia
243 2744 374 2777 parvum
388 2735 500 2766 nesciet
513 2736 571 2768 uti.
593 2738 750 2773 Torrent.

1501 242 1613 286 1803

952 346 996 376 42
1020 344 1082 375 Cui
1105 354 1166 376 nou
1191 345 1350 376 conveniet
1374 354 1430 376 suo
1451 347 1517 388 res]
1542 347 1609 380 Sed

910 403 971 425 sua
997 403 1051 426 res
1072 394 1227 436 amplior,
1256 395 1311 426 vel
1333 395 1509 436 angustior
1534 399 1610 438 erit,

912 453 1013 485 quam
1030 444 1112 476 satis
1125 450 1190 476 est.
1224 445 1268 476 Ut
1283 445 1402 476 calceus
1416 445 1505 486 olim]
1521 445 1609 478 Rec-

910 498 956 525 te.
1000 494 1199 534 Lambinus,
1226 499 1261 526 et
1288 495 1439 526 calceum
1466 494 1546 536 pedi
1573 501 1609 528 et

906 547 1039 577 ,vestem
1061 545 1196 586 corpori
1221 543 1418 585 aptandam.
1464 544 1612 577 Poterat

907 593 987 625 addi
1026 594 1228 627 Graecorum
1266 595 1484 636 proverbium
1504 607 1512 626 :
1555 597 1608 634 Μὴ

909 644 984 686 ὑπὲρ
996 644 1052 676 τὸν
1073 645 1152 677 πόδα
1177 646 1215 677 τὸ
1242 645 1393 685 ὑπόδημα.
1438 647 1490 679 Ne
1513 657 1608 688 supra

903 696 1011 736 pedem
1022 696 1142 727 calceus
1154 706 1165 727 .·
1188 700 1225 728 et
1240 695 1411 728 interdum
1426 696 1582 729 absolute
1596 708 1605 729 ε

908 745 960 784 Μὴ
972 744 1047 787 ὑπὲρ
1060 745 1118 778 τὸν
1133 745 1224 779 πόδα.
1249 746 1392 779 Torreat.

948 797 990 827 43
1013 795 1177 828 Subvertee
1191 806 1202 827 .·
1222 796 1251 827 si
1276 795 1394 836 minor]
1421 794 1607 828 subvertet

907 844 1040 885 pedem·
1089 846 1183 887 Uret]
1208 845 1338 877 Pedem
1355 845 1471 877 laedet.
1508 872 1510 874 ,

947 896 989 925 44
1012 894 1121 926 Laetus
1134 898 1217 926 sorte
1232 895 1302 936 tua]
1323 894 1495 926 Hortatur
1521 894 1605 926 Fus-

906 952 980 974 cum
999 944 1041 975 ad
1058 944 1340 984 mediocritatem,
1360 949 1396 977 et
1421 944 1530 976 amice
1553 954 1606 976 re-

905 994 1009 1036 quirit
1023 994 1067 1026 ab
1083 1004 1123 1027 eo
1137 995 1308 1036 castigari,
1322 995 1350 1026 si
1365 995 1399 1026 in
1416 1004 1604 1036 congeren-

905 1045 949 1076 do
964 1045 1036 1086 ipse
1052 1045 1187 1077 modum
1202 1045 1358 1078 excedat.
1380 1045 1477 1086 Cruq.

947 1097 987 1126 45
1015 1096 1081 1127 Nee
1091 1105 1140 1127 me
1155 1095 1311 1136 dimittes]
1327 1095 1396 1127 Sed
1410 1105 1463 1127 me
1480 1095 1604 1128 acerbe

906 1144 1147 1184 reprehendes.

946 1197 988 1226 46
1013 1194 1146 1235 Cogere]
1169 1195 1392 1227 Coacervare.

903 1274 907 1276 ,
945 1246 986 1275 47
1010 1245 1149 1286 Imperat
1168 1248 1224 1276 aut
1246 1245 1360 1285 seroie]
1382 1246 1522 1287 Imperat
1550 1248 1603 1280 liis

902 1293 1202 1335 pecunia,>quibus
1216 1294 1298 1326 nihil
1313 1294 1394 1326 satis
1409 1299 1460 1327 est
1474 1306 1480 1325 =
1504 1298 1602 1330 seroie

901 1342 964 1383 his,
977 1343 1032 1385 qui
1050 1353 1116 1375 nou
1131 1343 1295 1385 majorem
1311 1349 1490 1387 appetunt,
1501 1356 1601 1389 quam

901 1402 980 1424 usus
996 1393 1158 1433 postulet.
1202 1394 1319 1436 Atque
1335 1395 1383 1427 ita
1393 1395 1527 1430 Seneca
1543 1397 1601 1430 lib.

900 1443 944 1474 de
970 1443 1051 1475 Vita
1078 1445 1210 1476 Beata:
1245 1445 1402 1478 ‘Divitiae
1429 1448 1520 1488 apud
1549 1458 1601 1479 sa-

899 1493 1050 1534 pientem
1065 1494 1171 1526 virum
1191 1495 1229 1526 'in
1245 1496 1385 1528 servitio
1400 1501 1492 1537 sunt,
1507 1498 1601 1540 apud

899 1543 1041 1575 stultum
1059 1544 1092 1575 in
1107 1545 1275 1586 imperio.'
1300 1546 1444 1579 Torreat.

940 1595 982 1624 48
1008 1595 1135 1626 Tortum
1149 1596 1248 1636 digna
1272 1596 1374 1638 sequi]
1395 1598 1481 1631 Quae
1498 1597 1601 1630 debet

899 1643 1011 1689 potius
1029 1644 1130 1684 trahi,
1158 1654 1257 1686 quam
1279 1646 1460 1688 imperare,
1482 1647 1517 1679 id
1533 1654 1600 1687 est,

898 1693 1029 1724 servire
1058 1694 1184 1734 potius,
1206 1704 1305 1736 quam
1332 1697 1523 1737 imperare:
1546 1703 1600 1728 est

888 1741 1069 1785 ,Allegoria
1098 1743 1204 1775 ducta
1243 1744 1287 1774 ab
1321 1745 1362 1775 iis
1392 1746 1450 1785 qui
1481 1746 1598 1778 restim

897 1793 1053 1825 ductant.
1105 1795 1232 1826 Ducere
1258 1796 1386 1837 funem]
1419 1797 1598 1829 Terentius

896 1842 1088 1884 Adelphis:
1111 1845 1188 1876 ‘Tu
1199 1845 1290 1877 inter
1306 1855 1365 1878 eas
1387 1848 1506 1880 restim
1518 1848 1600 1880 duc-

896 1891 1001 1923 titans
1016 1892 1182 1925 saltabis.'
1224 1893 1293 1926 Ubi
1308 1902 1376 1926 non
1393 1896 1476 1928 satis
1493 1906 1598 1938 appo-

893 1940 971 1980 site,
986 1949 1061 1973 meo
1083 1942 1227 1984 judicio,
1241 1944 1398 1977 Donatus
1415 1946 1469 1977 vel
1482 1947 1591 1980 lusuin

893 2000 968 2022 esse
991 1992 1179 2033 existimat,
1207 1998 1325 2026 natum
1355 1995 1399 2027 ab
1429 2006 1470 2029 eo
1500 1997 1595 2039 fune,

893 2050 960 2081 quo
983 2040 1195 2075 introductus
1219 2053 1325 2086 equus
1349 2045 1405 2078 ille
1420 2047 1546 2080 Durius
1562 2049 1596 2081 in

891 2090 1049 2131 Trojam3
1083 2092 1148 2131 vel,
1186 2093 1278 2135 quod
1314 2096 1422 2137 magis
1459 2098 1597 2138 probat,

892 2140 1081 2180 puellorum
1105 2142 1362 2186 puellarumque
1382 2148 1594 2180 cantantium

890 2191 1055 2222 consertis
1071 2191 1224 2223 manibus
1240 2193 1394 2235 chorum,
1406 2196 1455 2228 ita
1466 2202 1505 2230 ut
1521 2207 1593 2230 res-

891 2240 951 2271 tim
981 2240 1108 2273 ducere
1136 2242 1343 2277 viderentur.
1388 2246 1509 2279 Potior
1530 2258 1587 2280 eo-

890 2298 963 2321 rum
995 2291 1166 2323 sententia
1195 2297 1263 2333 est,
1292 2295 1349 2335 qui
1375 2295 1592 2330 referendum

890 2345 1011 2380 putant
1042 2341 1084 2373 ad
1117 2342 1202 2375 illud
1229 2344 1419 2377 saltationis
1445 2348 1592 2380 Comicae

890 2400 1008 2430 genus,
1026 2392 1115 2434 quod
1132 2393 1262 2426 Graecis
1277 2394 1387 2435 κόρδαξ
1399 2395 1506 2437 (unde
1521 2409 1591 2439 κορ-

890 2440 1027 2481 δακίζειν
1057 2446 1093 2474 et
1122 2443 1342 2485 κορδακισμὸς)
1378 2446 1516 2487 dicitur,
1544 2448 1589 2480 de

889 2500 956 2532 quo
981 2491 1156 2532 Interpres
1178 2493 1354 2533 Aristoph.
1379 2495 1414 2525 in
1429 2496 1588 2538 Nebulis,

889 2545 925 2572 et
942 2541 1039 2582 plura
1059 2542 1183 2573 Pollux
1199 2546 1235 2572 et
1251 2542 1450 2577 Athenaeus.
1492 2547 1586 2579 Nan-

889 2590 964 2620 nius
988 2590 1087 2620 Misc.
1111 2589 1169 2619 lib.
1194 2598 1245 2621 1v.
1272 2590 1415 2625 Torreat.
1459 2595 1584 2629 Ducere

877 2639 1007 2678 funem]
1030 2639 1108 2669 Non
1132 2639 1204 2670 vult
1220 2639 1384 2675 Horatius
1406 2647 1585 2684 pecuniam

887 2697 960 2719 esse
977 2687 1224 2728 praesultorem,
1239 2688 1420 2734 funemque
1443 2694 1584 2728 ductan-

888 2737 930 2767 do
948 2741 1090 2769 caeteros
1115 2743 1192 2779 post
1209 2749 1246 2771 se
1263 2741 1411 2784 trahere,
1427 2750 1463 2777 et
1478 2746 1583 2788 impe·
