1858 3184
257 232 369 276 1794
384 271 387 274 .

254 338 344 381 quod
369 337 576 380 sumptuosis
602 338 712 380 epulis
737 338 799 370 sim
823 339 956 380 plenus,

254 388 354 422 aliter
369 397 539 429 sensurus,
555 388 583 419 si
597 398 747 430 egerem.
793 389 956 430 Altilium]

250 438 353 470 Satur
367 438 479 470 avium
495 438 585 470 domi
602 439 847 480 saginatarum.

295 490 338 521 36
361 489 503 522 Arabum
526 489 699 532 liberrima]
721 490 810 522 Vide
835 499 862 522 1.
883 490 951 523 Od.

251 541 305 570 29.

295 591 336 621 3⁷
358 588 584 630 Verecundum]
607 589 666 621 Me
682 589 799 631 paucis
815 595 952 623 conten·

251 643 335 670 tum.

293 690 335 719 38
358 688 490 720 Audisti
511 690 630 730 coram]
654 688 859 730 Appellatus
880 699 916 721 es
933 699 953 721 a

249 746 304 769 me
327 747 402 778 rex,
426 743 571 779 propter
596 739 876 776 munificentiam,
892 749 951 781 pa-

249 793 305 833 ter
321 797 403 820 vero
419 792 562 830 propter
578 794 672 821 tuum
695 799 778 831 erga
793 799 846 821 me
862 800 952 822 amo-

249 846 335 878 rem,
357 838 430 870 sive
455 848 608 880 praesens
635 845 747 872 tecum
769 850 856 880 sum,
880 842 952 874 sive

249 888 384 921 absens.

291 941 333 970 39
356 939 494 980 Inspice]
516 941 646 973 Tecum
668 942 858 974 considera.
882 943 952 974 Do·

246 992 322 1020 nata
337 990 498 1031 reponere]
520 991 680 1024 Reddere
695 1002 771 1034 quae
793 993 875 1024 mihi
893 993 952 1025 do-

248 1039 350 1070 uasti.

288 1092 331 1121 40
359 1090 455 1122 Haud
469 1092 547 1123 male
561 1092 776 1135 Telemachus]
799 1094 877 1126 Hoc
893 1104 952 1126 ex-

248 1140 363 1180 emplo
393 1141 546 1173 Menelai
572 1146 608 1172 et
636 1143 842 1183 Telemachi,
866 1143 952 1175 dilu-

247 1187 325 1220 cide
340 1188 452 1225 docet,
468 1189 574 1222 fuisse
586 1191 772 1232 honestius,
787 1188 851 1224 nec
865 1192 951 1224 Mae-

246 1243 404 1270 cenatem
431 1239 528 1279 dare,
550 1250 614 1272 nec
642 1250 678 1272 se
702 1250 843 1273 munera
864 1242 952 1274 acci·

245 1297 446 1328 pere‚quam
459 1298 549 1320 nunc
561 1290 717 1323 reddere.
734 1292 829 1332 Cruq.
852 1292 952 1324 Haud

244 1338 324 1368 male
343 1337 556 1380 Telemachus]
582 1340 691 1371 Locus
710 1349 752 1371 ex
772 1340 895 1382 Odyss.
910 1345 949 1372 Δ.

248 1387 338 1417 Torr-
375 1387 485 1419 Proles
496 1388 647 1428 patientis
664 1389 805 1432 Ulyssei]
829 1391 950 1422 Mene·

245 1435 301 1467 lao
318 1436 516 1476 respondet.

286 1489 326 1518 41
354 1487 429 1519 Non
454 1491 501 1519 est
526 1488 634 1530 aptus]
656 1489 775 1522 Verba
798 1491 951 1522 Telema-

245 1536 301 1568 chi
319 1537 361 1568 ad
379 1536 599 1570 Menelaum.

286 1589 329 1618 42
353 1587 525 1619 Porrectus
544 1587 671 1628 spatiis]
693 1589 772 1621 Non
788 1593 949 1621 extensus

242 1635 280 1666 in
302 1637 451 1676 longum.
497 1638 567 1670 Nec
587 1639 693 1670 muuoe
707 1639 861 1680 prodigus
879 1640 948 1671 her-

243 1686 307 1728 boe]
332 1687 409 1720 Nec
421 1687 539 1720 herbae
549 1687 660 1720 ferax.
686 1702 687 1705 ¹

283 1738 326 1768 48
350 1737 500 1777 Atreide]
516 1736 548 1768 0
569 1738 741 1779 Menelae,
756 1739 856 1771 Atrei
871 1739 933 1773 fili.

284 1789 328 1818 44
351 1786 457 1827 Regia
472 1786 590 1828 Roma]
614 1788 722 1819 Roma
738 1788 934 1830 magnifica.

285 1839 325 1867 45
350 1835 416 1867 Sed
443 1845 574 1866 vacuum
605 1836 703 1868 Tibur
728 1837 848 1878 placet]
881 1838 949 1871 Sed

188 1883 191 1885 ’
242 1885 349 1917 Tibur
360 1894 426 1915 non
443 1885 643 1925 populosum
658 1885 786 1925 placet.
813 1887 880 1918 Aut
890 1888 949 1918 im-

241 1934 316 1966 belle
333 1932 518 1973 Tarentum]
549 1933 737 1965 Tarentum
765 1935 947 1976 voluptua-

242 1994 341 2016 rrum.

284 2036 327 2065 46
350 2033 533 2074 Philippus]
557 2032 627 2064 Hic
652 2032 712 2064 ille
738 2034 777 2066 L.
794 2034 946 2067 Marcius

241 2082 423 2124 Philippus
454 2081 648 2114 Consularis
682 2087 718 2115 et
753 2083 946 2120 Censorius,

242 2132 299 2174 qui
315 2131 447 2163 duobus
464 2131 602 2162 summis
617 2131 810 2164 oratoribus
825 2133 946 2164 Crasso

241 2184 278 2213 et
296 2180 445 2213 Antonio
461 2180 635 2222 proximus
653 2181 860 2222 eloquentia,
872 2183 945 2223 opi-

241 2231 305 2263 bus
336 2235 372 2262 et
402 2230 573 2271 gravitate
595 2229 855 2264 florentissimus
878 2232 945 2264 fuit

241 2281 411 2313 civitatis:
436 2290 557 2322 magno
580 2280 632 2312 vir
654 2281 800 2322 ingenio,
817 2283 850 2313 in
875 2283 943 2324 pri-

241 2331 374 2373 misque
405 2331 539 2370 clarus;
563 2335 609 2371 et,
631 2332 722 2372 quod
746 2332 795 2364 ait
821 2333 943 2365 Cicero

242 2381 287 2412 de
314 2380 417 2413 Offic.
442 2381 500 2413 lib.
514 2390 554 2413 ιι.
577 2381 719 2422 gloriari
744 2382 877 2422 solitus,
905 2392 942 2415 se

242 2431 315 2462 sine
331 2431 400 2462 ullo
424 2439 566 2464 munere
587 2430 750 2472 adeptum
766 2441 854 2472 esse,
866 2442 941 2474 quae

240 2479 672 2521 haberentursmplissimn.
696 2481 840 2512 Tor-rent.
862 2481 943 2512 Phi·

240 2529 357 2569 lippus]
380 2529 520 2569 Orator,
535 2530 570 2562 iu
586 2530 783 2562 altercando
799 2530 933 2563 nobilis.

283 2579 326 2608 47
349 2577 399 2607 Ab
419 2579 544 2619 officiis]
581 2578 614 2610 A
637 2577 840 2640 forensibus.
871 2580 941 2612 Ho-

240 2624 325 2665 ram]
349 2625 477 2657 Horam
494 2627 573 2660 diei.

284 2676 327 2706 48
359 2675 444 2706 Foro
473 2677 603 2708 nimium
637 2679 756 2714 distare
793 2679 940 2722 Carinas]

241 2724 351 2766 Atqui
366 2724 487 2765 Virgil.
500 2726 574 2757 AEn.
592 2735 675 2759 vm.
691 2729 764 2762 haec
777 2730 940 2771 conjunx-

242 2773 293 2806 it:
318 2774 542 2817 ‘Passimque
579 2784 731 2811 armenta
766 2779 940 2826 videbant,

711 244 855 275 No'rAE
892 243 1154 284 VARIORUM
1188 243 1240 274 IN

1006 338 1228 380 Romanoque
1267 338 1342 370 soro
1372 342 1408 371 et
1443 338 1545 371 lautis
1572 342 1704 382 mugire

1005 388 1141 420 Carinis
1152 388 1172 429 ;'
1194 398 1258 421 nec
1270 398 1351 420 sane
1361 389 1503 421 multum
1513 386 1704 424 distabant:

960 458 962 461 -
1004 442 1041 469 et
1061 438 1198 479 alioqui,
1214 448 1290 470 cum
1317 449 1459 480 magnus
1485 445 1576 470 esset
1601 440 1706 482 vicus,

1004 488 1167 520 remotior
1181 487 1272 520 forte
1288 498 1307 520 a
1330 488 1405 521 foro
1420 489 1572 530 Philippi
1588 489 1704 523 domus

1002 535 1078 569 fuit.
1125 538 1217 569 Mira
1239 542 1353 570 autem
1369 539 1437 570 vici
1457 539 1546 571 illius
1561 540 1706 573 celebri·
1727 547 1730 551 ’
1748 580 1753 585 1

1003 591 1079 625 tas;
1104 586 1139 618 iu
1155 597 1222 628 quo
1238 592 1274 620 et
1291 588 1447 629 Pompeii
1462 593 1499 621 et
1519 589 1705 622 Cicerones

1003 641 1039 668 et
1062 637 1174 678 plures
1198 637 1255 669 alii
1283 637 1347 669 viri
1375 638 1548 679 principes
1575 638 1709 672 habits-

1003 691 1105 718 runt:
1130 697 1198 728 qua
1213 687 1257 719 de
1276 697 1407 727 caussa,
1421 687 1465 719 ob
1483 688 1705 721 aedificiorum

1001 737 1166 778 speciem,
1182 743 1298 780 atque
1325 738 1583 779 amplitudinem
1608 740 1618 756 ‘
1636 741 1706 772 lau-

1003 791 1055 818 tas
1068 786 1077 800 ’
1093 788 1191 828 Virg.
1208 788 1408 829 appellavit.
1432 788 1578 820 Torreat.
1614 789 1706 821 Cari-

1001 836 1072 878 nas]
1094 837 1195 869 Viam
1214 837 1331 869 Romae
1350 838 1400 869 sic
1423 837 1548 869 dictam
1565 837 1608 869 a'b
1624 839 1706 870 aedi-

1001 885 1089 918 ficiis
1112 886 1215 919 factis
1232 887 1267 919 in
1290 887 1548 919 similitudinem
1571 887 1704 919 carina-

1003 945 1088 972 rum,
1105 936 1136 967 in
1155 946 1222 978 qua
1239 936 1294 968 via
1306 936 1425 968 domus
1442 940 1516 968 erat
1530 936 1696 978 Philippi.

1041 988 1085 1017 50
1107 985 1266 1017 Aur-asum
1276 985 1453 1027 quemdam]
1474 986 1532 1018 Ita
1546 991 1584 1018 ut
1597 996 1616 1018 e
1629 991 1705 1019 ton-

1000 1035 1108 1066 strina
1118 1041 1278 1068 venerat:
1304 1045 1508 1078 quamquam
1518 1036 1582 1068 hoc
1594 1036 1704 1077 ipsum

1001 1084 1044 1116 ad
1061 1085 1206 1117 nitorem
1223 1090 1376 1127 spectat,
1390 1086 1511 1117 crebro
1529 1085 1602 1117 radi
1618 1091 1654 1118 et
1669 1087 1705 1117 in

1002 1135 1148 1167 tonsoris
1187 1135 1258 1167 sive
1288 1132 1449 1177 pergula¹
1466 1135 1539 1166 sive
1567 1135 1705 1176 porticu

1001 1183 1087 1233 (qno
1103 1185 1203 1216 vacui
1226 1190 1261 1216 et
1286 1185 1388 1217 otiosi
1409 1185 1561 1217 homiues
1583 1180 1706 1218 conve-

1001 1234 1074 1265 uire
1082 1235 1212 1277 solent)
1221 1237 1396 1267 sessitare:
1411 1235 1421 1253 ⁴
1434 1235 1591 1267 vacuam'
1601 1236 1704 1268 etiam

1002 1294 1122 1316 vocare
1147 1285 1267 1326 possis,
1284 1285 1373 1326 quod
1389 1287 1472 1316 hora
1494 1284 1562 1316 diei
1579 1290 1703 1316 octava

992 1333 1065 1373 jam
1090 1332 1132 1364 ad
1160 1343 1291 1365 coenarn
1316 1343 1433 1365 omnes
1457 1333 1704 1366 discessissent.

1003 1382 1148 1414 Torrent.
1191 1383 1234 1414 In
1249 1382 1372 1423 umbra]
1396 1382 1435 1414 In
1448 1383 1628 1415 tonstrina.

1043 1437 1085 1466 52
1127 1434 1287 1475 Demetri]
1341 1434 1522 1476 Philippus
1569 1445 1703 1467 servum

1000 1495 1097 1517 suum
1111 1486 1327 1517 Demetrium
1343 1485 1536 1527 alloquitur.
1559 1485 1635 1517 Non
1649 1487 1704 1518 [ιε-

998 1536 1050 1578 ve]
1076 1538 1105 1569 N
1113 1547 1156 1569 on
1173 1539 1289 1570 stulte.

1042 1589 1083 1618 53
1110 1589 1152 1619 Et
1169 1589 1267 1630 refer]
1292 1587 1379 1619 Mihi
1401 1587 1572 1619 renuntia.
1614 1587 1705 1619 Unde

997 1637 1102 1678 domo]
1138 1639 1188 1669 Ut
1217 1642 1226 1655 ¹
1243 1639 1344 1669 domo
1374 1637 1669 1678 Carthaginiensis
1682 1640 1706 1675 ;¹

999 1687 1146 1720 Plautus
1162 1688 1329 1720 Poenulo:
1353 1692 1363 1708 ‘
1380 1687 1447 1721 Qui
1475 1697 1594 1727 genus,
1614 1688 1703 1718 unde

999 1736 1100 1769 domo
1113 1738 1134 1777 ς’
1158 1742 1196 1770 et
1210 1739 1354 1770 iterum:
1379 1739 1390 1757 ⁸
1406 1738 1474 1771 Qui
1492 1738 1628 1769 Caerete
1643 1736 1705 1768 do-

999 1786 1079 1822 mo,'
1101 1788 1200 1829 Virg.
1223 1788 1301 1820 AEn.
1327 1797 1396 1820 vu.
1420 1788 1564 1819 Torreat.
1614 1788 1704 1819 Unde

999 1836 1103 1877 domo]
1129 1837 1183 1868 Ex
1198 1830 1264 1878 qua
1278 1836 1422 1869 familia.
1703 1862 1705 1864 .

1041 1888 1083 1916 54
1109 1886 1207 1923 cnjus
1225 1886 1386 1926 soriunoe]
1412 1886 1553 1927 Pauper
1582 1895 1624 1917 an
1653 1885 1704 1918 di·

998 1939 1077 1962 ves.v
1114 1934 1220 1968 Quove
1243 1934 1392 1974 patrono]
1415 1935 1456 1965 In
1481 1935 1580 1975 cujus
1597 1935 1702 1966 clien-

942 1992 944 1997 ’
999 1981 1080 2012 tela.

1039 2033 1080 2061 55
1106 2030 1154 2071 It]
1187 2031 1222 2063 It
1250 2041 1348 2072 puer.
1391 2032 1549 2065 Vulteium
1577 2035 1701 2067 nomine

996 2079 1142 2121 Menam]
1159 2081 1296 2112 Maenam
1305 2081 1525 2115 scribendum
1535 2083 1699 2116 arbitror:

996 2133 1035 2160 ut
1054 2138 1075 2161 a
1097 2130 1157 2160 vili
1181 2131 1359 2172 pisciculo,
1374 2132 1432 2174 qui
1456 2133 1580 2166 Graece
1601 2134 1702 2174 μαινὶς

995 2178 1133 2214 dicitur,
1149 2179 1281 2211 Plinius
1297 2180 1437 2214 Maenam
1452 2187 1563 2219 vocat,
1575 2193 1702 2225 cogno-

994 2237 1073 2260 men
1090 2230 1247 2262 traxerit.
1272 2230 1415 2264 Torreat.

1036 2282 1080 2310 56
1105 2280 1202 2310 Tenui
1215 2280 1324 2321 censu]
1349 2281 1541 2322 Panperem
1559 2293 1647 2316 esse.

1036 2331 1077 2360 57
1102 2329 1148 2360 Et
1168 2338 1334 2370 properare
1349 2331 1428 2371 loco]
1450 2331 1493 2363 Id
1517 2337 1584 2372 est,
1601 2334 1634 2365 in
1650 2334 1700 2365 lo-

993 2386 1047 2410 co.
1091 2378 1186 2417 Ut‚‘
1203 2380 1295 2410 Dum
1320 2389 1439 2422 resque
1466 2382 1628 2424 locusque
1654 2385 1699 2415 si·

993 2427 1142 2459 nebant-³
1172 2429 1315 2460 Torreat.
1358 2431 1405 2461 Et
1427 2440 1594 2472 properare
1616 2434 1696 2475 loco]

991 2478 1038 2510 Et
1055 2478 1234 2516 viatorem,
1262 2479 1317 2510 vel
1339 2486 1564 2514 mercatorem
1593 2493 1697 2525 agere

991 2528 1079 2560 lucri
1109 2538 1224 2561 causa.
1271 2530 1316 2561 Et
1346 2531 1480 2572 cessare]
1517 2532 1696 2566 Interdum

991 2578 1104 2611 otiari.
1150 2580 1196 2611 Et
1223 2589 1360 2620 quoerere
1388 2585 1420 2613 et
1453 2582 1518 2623 uti]
1547 2583 1697 2616 Divitias

992 2630 1181 2671 acquirere,
1195 2630 1303 2673 iisque
1327 2633 1390 2674 uti,
1406 2633 1495 2675 quod
1519 2643 1586 2666 non
1610 2633 1697 2667 facit

990 2688 1124 2712 avarus.

1034 2733 1076 2762 58
1099 2730 1272 2772 Par-visque
1284 2732 1452 2774 sodalibus]
1475 2733 1693 2767 Gaudentem

990 2789 1096 2814 uxore
1117 2785 1153 2814 et
1169 2780 1297 2819 liberis,
1315 2787 1351 2815 et
1374 2784 1544 2817 domicilio
1567 2785 1691 2822 stabili,
