1858 3184
426 251 634 285 HoRA'rn
667 248 1019 289 Brts'ronARUM
1050 247 1149 280 mn.
1180 247 1234 278 11.
1262 237 1308 279 2.

143 346 321 379 timonium
337 345 420 378 dare
432 345 562 382 volunt,
572 353 615 376 ea
625 342 736 376 officis
747 346 837 383 pra-

144 402 251 433 stent,
272 396 395 438 quibus
413 397 515 428 stulte
529 398 673 436 gravent
685 402 771 435 quos
786 391 837 423 di-

145 446 268 487 ligunt.
289 445 395 486 Steph-
439 444 596 476 &delitus
609 442 728 483 autem]
741 441 838 474 Ordo

146 501 201 527 est
210 506 220 526 :
235 494 408 527 Sedulitas
422 503 499 526 eum
512 498 611 534 urget
621 501 719 534 quem
732 491 838 523 stulte

145 546 270 586 diligit,
299 545 339 577 id·
356 549 422 586 est,
450 544 508 586 qui
529 542 633 575 stultu
654 540 838 574 sedulitate

144 594 295 627 officium
324 604 420 626 suum
446 592 549 626 alicui
577 591 746 630 obtrudit,
767 598 838 621 mo-

147 646 254 677 lestus
282 648 336 677 est
363 644 396 676 ei
427 643 540 684 potius
579 650 680 684 quam
708 641 838 681 gratus.

152 695 269 736 Urget]
289 692 447 726 Molestia
459 691 579 724 afficit·

187 746 250 776 ²⁶1
274 743 438 783 precipue
451 751 544 782 qam
558 750 591 772 se
605 739 753 775 numeris,
769 738 841 780 qa]

145 794 258 828 Quum
283 791 392 824 Poeta
421 790 600 823 laudabilis
625 798 663 821 se
689 788 838 821 numeris

144 841 349 882 artificiosis,
376 840 429 883 (id
457 845 523 882 est,
549 837 718 881 versibus)
747 847 838 870 com-

144 890 297 923 mendat.

186 942 251 972 262
273 939 384 972 Discit
405 939 487 972 enim
507 938 614 978 citius,
640 938 712 980 qm]
734 937 840 972 Quasi

146 989 289 1025 diceret.
309 989 474 1023 Quoniam
498 989 526 1020 si
550 989 608 1020 ille
630 988 688 1030 qui
706 987 748 1019 ad
773 993 838 1020 tes-

147 1038 282 1070 tandam
308 1049 402 1070 suam
417 1038 645 1078 sedulitatem,
661 1037 782 1079 poema
796 1037 840 1069 de

148 1092 183 1119 te
198 1088 388 1128 scripserit,
408 1087 534 1128 aliquid
554 1088 588 1118 in
611 1096 654 1119 eo
673 1088 790 1128 inepte
805 1090 842 1118 et

149 1138 291 1169 ridicule
312 1137 356 1169 de
379 1142 414 1169 te
436 1137 574 1177 dixerit,
597 1137 774 1168 discentur
795 1136 843 1167 ci-

150 1189 216 1221 tius
230 1188 278 1219 illi
294 1196 412 1219 versus
427 1187 556 1227 inepti;
572 1191 607 1217 et
623 1186 673 1218 tui
687 1195 754 1218 non
769 1186 842 1218 sine

151 1238 221 1269 risu
231 1237 360 1275 mentio
369 1236 442 1273 fiet.
449 1237 582 1278 quoties
594 1235 842 1268 recitabuntur.

149 1287 208 1320 lta
227 1287 332 1328 igitur
353 1287 525 1318 contraria
543 1286 620 1322 illis,
636 1296 712 1328 quae
730 1296 844 1328 spera-

149 1337 252 1376 verit,
270 1336 448 1368 evenient:
470 1336 549 1378 quis
562 1345 630 1368 non
645 1336 764 1367 honori
780 1336 844 1368 tibi

151 1385 269 1428 poema
283 1384 372 1417 illins
388 1385 471 1425 erit;
494 1385 609 1426 potius
624 1385 761 1417 auribus
777 1385 844 1417 tnis

148 1435 215 1468 erit
228 1435 336 1468 oneri.
356 1434 466 1476 διψῶ.
511 1435 601 1471 Quod
619 1434 688 1476 quas
708 1433 845 1475 deridet]

150 1479 233 1518 vid.
246 1484 397 1517 Turneb.
413 1492 462 1516 xx
469 1492 520 1516 vi.
536 1487 591 1516 25.

191 1536 255 1567 264
281 1534 337 1566 Nil
356 1543 459 1566 nor-or
478 1535 623 1576 officium,
644 1533 715 1576 ξω]
738 1533 790 1566 Ac
814 1533 843 1566 si

150 1582 283 1615 diceret
296 1582 484 1615 Horatius:
507 1582 561 1615 Ad
578 1593 631 1615 me
648 1589 742 1615 certe
757 1582 845 1624 quod

151 1633 290 1673 attinet,
305 1632 431 1673 Caesar,
445 1632 474 1664 si
490 1633 556 1664 isto
570 1633 633 1664 sim
647 1633 736 1672 loco,
751 1632 847 1664 nihili

151 1682 291 1716 fecerim
304 1682 464 1723 officium,
486 1684 576 1725 quod
597 1684 678 1716 mihi
694 1684 787 1716 oneri
803 1683 849 1715 sit

152 1732 277 1774 potius,
293 1742 392 1774 quam
408 1732 539 1765 honori.
577 1734 743 1774 Loquitur
758 1733 848 1764 enim

154 1781 199 1813 de
213 1781 336 1818 officio,
351 1782 441 1823 quod
462 1791 563 1822 quum
580 1782 706 1823 alioqui
723 1781 852 1813 Coesari

154 1837 320 1873 praestare
341 1832 469 1873 cupiat,
483 1841 526 1863 ne
546 1832 581 1863 id
600 1830 714 1864 facere
730 1832 850 1874 possit,

155 1882 296 1913 obstare
323 1880 388 1913 sibi
415 1890 510 1912 venas
534 1881 725 1914 exilitatem
751 1881 850 1914 dicit.

155 1931 203 1963 Et
213 1933 525 1973 promamus&
535 1930 727 1971 legendum.
739 1931 851 1972 Steph-

157 1981 219 2013 Nil
235 1979 354 2020 nom]
375 1980 462 2013 Quae
486 1979 529 2011 de
548 1989 585 2011 se
606 1979 721 2012 Po'e‘ta
739 1981 848 2023 loqui·

155 2027 224 2072 tur,
237 2029 379 2075 perinde
394 2028 550 2061 habenda
564 2034 644 2061 sunt
659 2039 699 2062 ac
712 2030 741 2061 si
756 2040 776 2061 a
790 2039 849 2071 po·

155 2081 243 2120 tenti
271 2080 384 2123 aliquo
409 2080 532 2121 amico,
556 2089 656 2122 quem
681 2080 849 2112 celebrari

156 2131 239 2164 alias
252 2130 348 2170 velit,
360 2129 588 2172 proferantur,
603 2134 638 2173 et
650 2129 787 2171 quidem
804 2129 848 2161 ab

156 2180 231 2222 ipso
251 2180 420 2221 Augusto.
453 2179 595 2211 Torreat.
648 2178 708 2211 Nil
732 2178 849 2220 moror]

156 2231 250 2272 Lege
263 2239 376 2266 morer,
395 2235 433 2260 et
455 2238 518 2270 pro
539 2231 622 2268 opto,
636 2232 747 2269 optem.
770 2229 848 2261 Ste-

157 2281 258 2322 phau.
293 2279 354 2310 Nil
366 2277 481 2318 moror]
497 2278 603 2310 Nihili
618 2277 720 2310 facio.
759 2279 850 2315 Quod

156 2339 206 2362 nie
217 2330 346 2370 gravat]
363 2328 462 2361 Quod
476 2328 557 2359 mihi
572 2328 616 2360 sit
628 2330 722 2360 oneri
738 2329 850 2370 potius

160 2390 259 2422 quam
274 2379 402 2410 honori.
445 2378 494 2409 Ac
507 2378 704 2419 nequeflcto]
726 2380 851 2412 Quem.

161 2427 339 2459 admodum
367 2427 471 2458 nolim
501 2426 682 2467 imaginem
710 2428 776 2459 mei
806 2438 850 2461 ex

161 2485 240 2508 cera
266 2476 361 2517 fingi,
391 2482 429 2508 ut
457 2475 642 2508 deformior
668 2477 714 2509 sit
741 2477 851 2520 imago

164 2534 263 2566 quam
283 2534 362 2555 vera
384 2524 510 2565 figura:
535 2525 583 2556 sic
605 2535 715 2567 neque
738 2527 782 2559 ab
800 2528 850 2560 in-

162 2575 267 2607 docto
281 2574 393 2605 Poeta
407 2573 535 2604 laudari
551 2574 662 2606 velim.

207 2626 269 2656 265
307 2622 447 2663 Propous·
482 2623 601 2664 cereus]
637 2624 788 2666 Proponi
817 2627 852 2658 in

164 2672 312 2715 publico.
351 2672 482 2713 Cereus]
499 2672 616 2704 Cereoe
631 2679 729 2706 erant
742 2675 777 2707 iu
792 2686 852 2708 no-

163 2723 283 2755 bilium
311 2721 406 2753 atriis
432 2721 598 2762 majorum
619 2722 793 2766 imagines,
814 2729 853 2758 ut

161 2768 207 2809 ‘ex
222 2771 389 2806 juvenale
403 2770 544 2813 aliisque
565 2773 758 2806 auctoribus
774 2783 852 2815 cog—

1470 233 1585 279 1863

884 340 1054 372 norimus.
1096 338 1225 370 Verum
1240 338 1306 371 hoc
1329 339 1405 370 loeo
1420 338 1585 371 Horatius

885 399 963 424 eum
977 397 1110 422 ceream
1126 389 1209 422 ficto
1230 389 1264 421 in
1281 389 1378 431 pejus
1394 389 1487 421 vultu
1506 389 1587 420 ima-

886 440 998 481 ginem
1034 438 1131 480 dicit,
1156 443 1193 470 et
1227 439 1383 471 materias
1415 437 1586 470 vilitatem

887 494 924 522 et
938 487 1079 521 artificis
1096 488 1301 529 imperitiam
1320 490 1439 526 notat;
1466 491 1507 518 ut
1528 495 1587 527 ap-

887 540 955 572 tius
970 548 1048 572 curn
1062 548 1130 570 nou
1152 539 1236 571 satis
1250 538 1364 570 idonei
1380 537 1503 570 Poeta
1517 537 1586 568 lau-

887 590 1038 629 datione,
1061 593 1186 621 statuae
1212 588 1373 621 bonorem
1394 590 1587 630 comparet.

890 641 1034 673 Torreat.

928 693 992 722 267
1016 689 1070 721 Ne
1082 688 1210 721 rubeum
1218 687 1350 729 pingui]
1378 687 1435 720 Ne
1457 685 1589 728 pudore

888 737 1019 771 afficiar
1047 748 1163 771 crasso
1199 737 1391 778 descriptus
1426 736 1589 769 carmine.

888 790 1010 830 Pingui
1022 791 1154 821 donatae
1176 787 1318 828 munere]
1339 788 1349 805 ⁴
1366 786 1500 827 Pingue
1515 795 1587 817 mu-

886 849 947 871 nus
958 837 968 852 ’
983 843 1096 881 vocat,
1110 839 1208 880 cujus
1224 842 1345 870 auctor
1359 837 1435 878 ipse
1451 835 1588 877 pinguis

888 890 954 922 sitt
978 889 1042 922 sibi
1059 889 1191 931 pariter
1205 893 1310 930 atque
1330 887 1364 919 ei
1392 895 1492 928 quem
1518 885 1590 916 lau-

888 938 950 970 dat
978 938 1140 970 ruborem
1164 942 1201 971 et
1223 936 1444 979 ignominiam
1470 935 1590 967 allatu·

889 999 958 1021 rus.
978 989 1122 1021 Torreat,

930 1041 994 1071 268
1019 1039 1098 1071 Cam
1122 1038 1272 1079 scriptore
1307 1045 1374 1067 neo
1404 1033 1513 1076 capso]
1547 1033 1590 1065 In

890 1088 1010 1120 eodem
1026 1088 1117 1119 enim
1144 1087 1231 1119 libro
1253 1090 1307 1117 est
1335 1083 1512 1125 scriptoris
1535 1091 1593 1114 no·

888 1148 968 1170 men
990 1143 1028 1171 et
1055 1139 1131 1179 ejus
1156 1137 1214 1179 qui
1242 1135 1461 1172 describitur,
1486 1138 1525 1165 ut
1554 1133 1589 1164 in

890 1187 1036 1228 Virgilio
1051 1186 1188 1225 AEneas,
1209 1185 1243 1216 iu
1270 1184 1422 1215 Homero
1442 1182 1594 1223 Ulysses.

891 1238 1064 1269 Por-reem
1077 1235 1201 1277 operta]
1223 1235 1407 1273 Extentus,
1423 1231 1519 1274 quasi
1535 1240 1593 1264 ca-

892 1286 997 1319 daver
1007 1286 1042 1317 in
1053 1285 1151 1317 cista.

933 1338 999 1367 269
1020 1335 1060 1367 In
1080 1334 1184 1366 vic-n
1197 1333 1378 1364 vendentem
1391 1329 1478 1372 thus]
1510 1329 1595 1362 Fuit

891 1385 1009 1417 Rome
1025 1382 1059 1415 iu
1077 1382 1217 1423 regione
1235 1380 1301 1413 fori
1315 1379 1460 1412 Romani
1475 1379 1485 1396 ‘
1499 1379 1592 1411 vicus

892 1432 1061 1466 thurarius
1070 1431 1090 1462 :'
1103 1435 1142 1463 ut
1155 1435 1191 1463 et
1205 1428 1420 1472 unguentarii
1430 1428 1510 1470 duo,
1523 1436 1592 1460 ma-

887 1484 946 1525 j0r
959 1487 996 1515 et
1013 1482 1146 1514 minor:
1166 1480 1227 1513 bos
1252 1483 1337 1521 puto
1358 1478 1503 1510 innuere
1518 1477 1592 1509 Ho-

893 1534 1027 1566 ratium.
1052 1532 1197 1563 Torreat.
1250 1529 1293 1561 In
1327 1529 1430 1560 vicum
1457 1527 1593 1559 venden-

893 1584 972 1624 tem]
997 1582 1038 1614 ln
1055 1581 1166 1613 vicum
1183 1579 1241 1611 ubi
1264 1588 1309 1611 ex
1324 1577 1452 1610 chartis
1466 1576 1595 1608 inutili-

894 1633 958 1665 bus
972 1632 1057 1664 fiunt
1072 1636 1259 1663 aromatum
1278 1628 1467 1660 involucra.

937 1685 1001 1715 270
1025 1681 1155 1712 Chai-tis
1169 1678 1332 1719 afficitur]
1353 1677 1411 1708 Sic
1424 1679 1506 1709 ante
1521 1675 1595 1707 Ho-

897 1732 1018 1765 ratium
1032 1730 1205 1762 Catullus:
1231 1728 1240 1745 ‘
1256 1728 1303 1758 Et
1317 1727 1411 1757 laxas
1427 1723 1594 1756 scombris

897 1789 989 1821 saepe
1016 1779 1114 1811 dabit
1144 1775 1299 1809 tunicas:
1341 1776 1388 1807 Et
1413 1779 1595 1816 utrumque

897 1831 1048 1863 imitatus
1092 1828 1254 1860 Persius:
1291 1829 1301 1845 ⁸
1316 1826 1392 1858 Nec
1421 1824 1594 1857 scombros

897 1878 1088 1914 metuentia
1117 1876 1280 1916 carmina,
1299 1884 1366 1906 nec
1394 1873 1495 1906 thus:
1520 1874 1597 1906 Tor-

895 1934 977 1964 reat.
1022 1925 1197 1967 Amicitia-J
1217 1924 1424 1957 Involvitur.

895 1979 1016 2010 Eris-r.
1030 1986 1074 2009 11.
1096 1976 1154 2008 An
1162 1976 1303 2010 Juuuu
1316 1974 1486 2006 quuu.
1526 1973 1594 2004 Ex·

939 2031 1039 2060 cusat
1053 2036 1090 2059 se
1098 2026 1190 2060 Julio
1207 2025 1309 2057 Floro
1319 2023 1490 2066 querenti,
1501 2022 1594 2065 quod

902 2113 906 2115 ,
938 2087 1004 2110 nec
1028 2077 1214 2119 Epistolam
1235 2075 1353 2115 ullam,
1369 2083 1433 2106 nee
1448 2083 1500 2111 ea,
1516 2083 1594 2116 qnae

940 2127 1153 2170 promiserat,
1168 2126 1332 2165 carmina,
1347 2124 1505 2157 misisset,
1541 2123 1596 2156 Ac

939 2179 1085 2220 primum
1101 2186 1137 2208 se
1153 2177 1287 2218 pigrum
1302 2173 1431 2206 fatetur
1442 2182 1529 2214 esse,
1543 2177 1594 2205 at-

939 2239 1004 2271 que
1019 2228 1055 2260 id
1082 2228 1132 2260 illi
1153 2226 1367 2269 praedixisse,
1388 2224 1534 2266 ideoque
1556 2234 1594 2255 se

939 2279 1062 2310 vitioso
1073 2286 1172 2310 servo
1184 2279 1372 2317 comparat,
1389 2274 1444 2315 cuj
1450 2283 1488 2305 us
1499 2282 1594 2314 emp·

941 2333 998 2360 tor
1019 2329 1065 2360 sit
1080 2328 1201 2360 Florus
1215 2336 1236 2357 a
1251 2323 1430 2356 venditore
1445 2322 1489 2354 de
1508 2322 1594 2353 vitio

941 2378 1174 2420 praemonitus.
1218 2373 1356 2407 Deinde
1379 2381 1428 2411 se,
1442 2370 1534 2413 quod
1550 2370 1596 2403 de

940 2428 1076 2460 Luculli
1091 2426 1199 2459 milite
1212 2427 1340 2457 narrat,
1362 2421 1486 2452 imitari
1507 2420 1596 2452 velle

942 2478 1029 2510 dicit
1039 2487 1050 2508 ι
1073 2485 1114 2507 ae
1128 2483 1231 2516 quum
1246 2474 1450 2512 paupertate
1464 2468 1507 2501 ad
1520 2478 1596 2501 ver-

943 2537 999 2560 sus
1013 2525 1187 2558 faciendos
1202 2521 1364 2562 impulsus
1373 2519 1492 2557 fuerit,
1503 2528 1594 2552 nune

942 2586 1001 2609 eas
1025 2574 1206 2606 facultates
1236 2573 1496 2612 consequutum,
1517 2579 1594 2612 quie

943 2626 1027 2658 satis
1042 2633 1116 2655 esse
1144 2621 1289 2663 possint,
1302 2620 1402 2657 malle
1426 2628 1543 2652 somno
1557 2620 1593 2652 id

945 2673 1109 2715 temporis
1130 2672 1226 2711 dare,
1245 2670 1334 2712 quod
1361 2670 1487 2713 alioqui
1512 2670 1594 2702 scri-

943 2722 1064 2757 bendis
1081 2719 1234 2753 versibus
1247 2719 1386 2752 daturus
1397 2724 1501 2752 esset.
1533 2719 1594 2752 Af-

947 2773 1015 2806 fert
1029 2775 1065 2806 et
1079 2771 1163 2804 alias
1180 2769 1327 2803 rationes
1340 2779 1401 2803 cur
1420 2779 1487 2803 non
1513 2769 1592 2802 scri-
