1858 3184
262 201 373 244 1906

257 305 386 348 dictum
403 304 444 336 ab
460 305 608 346 eleganti
627 305 708 346 joco
730 305 951 346 distinguere.

255 355 424 397 &ponet-e]
464 355 689 397 Postponere,
736 355 953 397 posthabere.

258 406 356 447 Cruq.

298 457 364 487 274
385 454 511 494 Digitis
524 454 683 494 callemus]
709 455 838 496 Digitis
860 455 955 496 dige-

256 505 364 537 rendo
380 513 496 536 versus
519 505 554 535 in
577 504 698 544 pedes,
713 514 795 537 aure
816 505 955 537 audien-

257 555 316 594 do,
329 563 371 585 an
389 562 502 584 versus
518 553 562 584 sit
577 562 786 586 numerosus.

300 606 363 635 275
401 602 548 642 Ignotum
587 603 746 644 Tragicae]
793 604 956 646 Sequitur

257 653 409 684 narratio
435 652 709 694 quadripartita3
730 654 826 695 cujus
850 654 957 694 prima

258 713 338 744 pars
375 707 428 735 est
457 703 499 735 de
527 703 716 742 Tragoediae
755 703 955 742 inventore3

259 752 420 792 secunda,
451 752 494 783 de
529 751 684 793 ejusdem
713 752 957 793 amplificatore

258 808 295 834 et
316 806 544 842 exornatore3
574 803 688 842 tertia,
712 802 755 835 de
775 803 957 835 eomoediae

257 853 384 884 veteris
408 858 486 885 ortu
509 857 544 884 et
567 853 731 891 interitu;
753 857 885 894 quarta,
916 852 956 883 de

257 901 379 934 studiis
395 902 608 934 comicorum
623 902 861 934 Romanorum.

300 954 364 984 276
386 953 544 988 Plaustris
557 953 674 985 vexisse
682 953 850 994 poemata]
869 952 956 985 Haec

257 1002 378 1034 initio:
402 1002 545 1043 invaluit
563 1007 681 1044 postea
705 1012 810 1035 scena
824 1007 957 1042 tempo·

258 1052 358 1093 raria,
373 1062 461 1094 quae,
483 1052 617 1084 actione
638 1051 803 1091 exhibita,
826 1050 957 1082 aufere-

258 1101 372 1138 batur,
406 1106 445 1133 ut
479 1100 594 1132 hodie.
639 1099 786 1140 Deinde,
815 1104 956 1131 auctore

260 1150 426 1192 Pompeio
449 1150 588 1191 Magno,
603 1149 698 1181 firma
724 1149 865 1181 theatris
882 1149 956 1180 fun-

260 1201 423 1233 damenta
459 1201 556 1242 jacta
603 1204 694 1232 sunt.
739 1200 808 1232 Cur
843 1204 956 1232 autem

258 1251 419 1291 plaustris
430 1250 766 1282 circumveherentur
778 1249 957 1291 Poematis,

260 1309 379 1331 caussa
407 1300 473 1331 fuit
497 1301 592 1331 haec:
620 1299 712 1340 quod
743 1299 836 1336 olim,
863 1305 957 1331 ante-

260 1358 359 1390 quam
369 1349 522 1380 Theseus
533 1350 565 1380 in
579 1358 678 1380 unam
690 1348 866 1380 civitatem
881 1348 957 1380 coe-

259 1399 377 1440 gisset,
410 1398 546 1430 vicatim
582 1397 701 1443 Attica
734 1397 958 1436 habitaretur,

260 1458 465 1491 carmenque
501 1449 654 1480 solemne
686 1448 777 1479 circa
808 1447 958 1488 compita

259 1499 417 1539 vicosque
438 1502 640 1530 caneretur:
664 1498 753 1528 unde
773 1500 810 1528 et
826 1496 957 1528 Comoe-

261 1547 351 1580 diam
371 1547 431 1578 ἀπὸ
451 1548 511 1578 τοῦ
529 1545 691 1585 κωμάζειν,
711 1546 743 1577 id
767 1550 830 1583 est,
844 1546 958 1577 lascive

259 1606 364 1636 agere,
380 1597 434 1628 vel
456 1595 517 1628 ἂπὸ
536 1597 594 1634 τῆς
615 1595 727 1634 κόμης,
743 1594 779 1626 id
794 1599 857 1636 est,
877 1595 957 1636 vico,

260 1647 516 1688 Megarensium
539 1647 668 1687 lingua,
689 1649 804 1677 natam
819 1645 958 1686 qnidam

261 1698 392 1728 volunt.
438 1696 543 1728 Moris
565 1697 668 1728 etiam
692 1699 777 1736 erat,
796 1693 843 1727 ut'
860 1696 960 1727 rusti·

259 1756 320 1778 cus
335 1746 494 1787 injuriam
517 1755 633 1786 passus
651 1744 823 1776 occineret
839 1745 882 1776 ad
901 1744 957 1786 ja-

260 1806 360 1828 nuam
373 1806 487 1828 eorum
503 1796 560 1838 qui
576 1796 730 1837 injuriam
744 1795 937 1827 intulissent
948 1806 958 1826 ι

260 1846 374 1886 itaque
390 1846 567 1885 injuriosos
589 1845 826 1885 traducebant,
846 1854 886 1877 ac
903 1855 959 1877 ve-

260 1895 373 1925 hicula
389 1904 451 1934 per
473 1895 623 1935 compita
645 1896 736 1925 claro
751 1894 806 1925 die
822 1894 959 1926 induce-

260 1943 364 1982 bant;
388 1943 477 1974 unde
502 1944 607 1974 Prov.
630 1943 641 1960 ‘
658 1944 711 1975 De
735 1944 887 1983 plausu-0
911 1944 958 1974 lo·

261 1991 341 2033 qui,'
376 2001 438 2032 pro
473 1993 631 2024 convitiis
667 1993 831 2032 lacerare,
869 1992 957 2033 quod

259 2042 362 2073 etiam
377 2042 411 2072 in
427 2041 572 2073 Nebulis
586 2041 824 2082 Aristophanis
847 2041 957 2072 Inter-

259 2101 338 2132 pres
354 2091 498 2131 notavit,
514 2090 687 2131 explicans
710 2099 826 2120 vocem
848 2100 958 2130 τρυγο-

260 2139 409 2180 δαίμονες.
434 2140 590 2172 Nunnius.
637 2139 781 2180 Thespis]
811 2139 955 2179 Thespis

260 2191 490 2226 Atheniensis,
517 2191 644 2232 primus
660 2189 772 2221 Poe'ta
797 2190 957 2231 tragicus,

259 2241 455 2283 Tragoedias
465 2241 594 2280 docuit,
603 2246 706 2282 atque
718 2240 789 2281 egit
800 2240 832 2271 in
846 2241 956 2281 plaus-

261 2292 334 2332 tris,
359 2291 480 2332 quibus
507 2289 628 2322 Poetae
652 2290 746 2321 circa
764 2289 857 2321 vicos
884 2288 955 2320 fue-

260 2346 341 2373 runt
363 2339 573 2381 circumacti,
587 2344 764 2380 antequam
787 2348 889 2371 scena
909 2348 958 2370 es-

262 2396 316 2423 set
329 2391 479 2422 inventa.
577 2416 582 2420 .

305 2443 368 2473 277
395 2441 627 2477 Quoecanerent
647 2437 850 2479 agerentque]
879 2438 956 2470 Hoc

264 2493 308 2523 ad
323 2492 515 2531 histriones,
528 2491 609 2522 illud
627 2490 670 2522 ad
690 2490 837 2521 Chorum
853 2487 956 2520 refer-

264 2547 332 2573 tur.
367 2542 525 2574 Nunnius.
571 2541 727 2573 emerent
753 2538 954 2581 agerentque]

263 2590 334 2630 Ipsi
372 2591 502 2622 Poetae.
545 2591 698 2623 Pernncti
721 2588 854 2628 soecs‘bus
889 2589 958 2630 ora]

265 2639 442 2671 Habentes
457 2650 517 2672 ora
531 2640 671 2673 faecibus
693 2640 760 2671 vini
781 2644 957 2680 peruncta.

266 2689 425 2720 Nondum
442 2691 528 2721 enim
545 2701 620 2724 usus
640 2697 713 2722 erat
730 2698 956 2731 personarum.

307 2741 369 2769 278
392 2739 536 2770 Persona
547 2742 695 2781 pallaeque
715 2740 866 2781 repertor]
890 2739 956 2771 Re-

715 212 856 244 NO'I'AE
890 211 1150 242 VARmRUM
1185 211 1236 242 ΙΝ

1005 309 1122 346 pertor
1150 305 1269 344 larvae,
1303 313 1369 346 qua
1392 313 1475 336 vera
1499 303 1697 338 mrionum

1003 354 1110 386 facies
1141 354 1206 387 fuit
1234 359 1342 394 tecta,
1370 363 1413 386 ne
1449 360 1698 396 agnosceretur.

1005 404 1172 446 Honestoe]
1197 404 1305 436 Panae
1314 404 1465 443 decorae,
1476 412 1552 446 quae
1563 403 1607 435 ad
1617 403 1699 435 imos

1005 463 1111 495 usque
1130 454 1234 494 pedes
1250 458 1341 485 esset
1355 453 1511 486 demissa.

1047 506 1112 534 279
1135 503 1267 544 Pulpita
1291 502 1407 544 tignis]
1427 503 1572 536 Scenam
1594 502 1701 535 modi-

1006 564 1079 586 cam
1097 555 1256 586 instituit.
1706 556 1712 562 “

1045 607 1110 636 280
1133 605 1344 645 Magnumque
1379 603 1479 646 loqui]
1513 602 1702 636 recreatio-

1007 662 1078 684 rem
1097 653 1336 694 eloquentiam.
1380 653 1516 694 Nitique
1538 650 1703 692 cotham]

1007 703 1154 735 Gestare
1169 703 1384 743 cothurnum,
1397 712 1464 744 quo
1485 702 1642 734 nituntur
1653 701 1704 733 in-

1006 753 1179 785 cedentes.

1049 805 1111 834 281
1136 802 1292 834 Successit
1326 804 1415 834 vetus
1450 801 1500 833 his
1530 800 1704 840 Comoedia]

1007 854 1069 884 Est
1080 854 1192 894 itaque
1202 857 1212 871 ‘
1225 852 1400 884 Comoedia
1411 850 1531 887 vetus,'
1545 851 1556 868 ‘
1567 850 1704 886 media‚’

1007 913 1049 934 ac
1061 903 1071 920 ‘
1083 902 1197 934 nova?
1239 903 1328 934 Haec
1341 911 1362 933 a
1378 905 1495 933 vetere
1505 901 1653 942 quinque
1668 900 1703 931 in

1007 952 1107 984 rebus
1130 951 1320 988 differebat,
1342 951 1437 993 (nam
1463 951 1565 992 pauci
1589 949 1703 981 admo-

1007 1001 1088 1033 dum
1123 1002 1307 1033 meminere
1329 1000 1513 1032 Comoediae
1549 999 1704 1039 mediae,)

1008 1056 1018 1070 ‘
1035 1051 1212 1092 tempore,’
1248 1051 1418 1090 nimirum,
1444 1049 1455 1068 ‘
1477 1042 1704 1090 argumento‚’

1007 1101 1018 1118 ‘
1031 1101 1144 1142 stylo,’
1165 1101 1175 1118 ‘
1189 1098 1380 1141 apparatn,'
1396 1107 1437 1130 ac
1458 1101 1469 1116 ⁸
1481 1097 1615 1130 metro?
1653 1098 1706 1129 Ae

1009 1151 1118 1191 primo
1132 1147 1269 1192 quidem
1285 1150 1294 1169 ‘
1311 1146 1491 1189 tempore‚'
1506 1147 1587 1189 quia
1606 1151 1706 1179 vetus

1007 1199 1122 1232 floruit
1137 1199 1226 1232 bello
1241 1198 1546 1240 Peloponnesiaco,
1562 1206 1608 1228 ac*
1622 1201 1706 1228 tune

1007 1250 1042 1281 in
1051 1250 1165 1291 populi
1178 1249 1337 1280 libertate
1349 1247 1470 1288 viguit.
1513 1246 1614 1279 Nova
1625 1255 1706 1278 vero

1008 1303 1126 1331 exorta
1141 1303 1194 1330 est
1217 1298 1369 1330 extincta
1392 1296 1509 1337 populi
1530 1296 1704 1337 libertate,

1008 1358 1084 1380 cnm
1108 1349 1291 1389 Philippus
1313 1352 1351 1378 et
1371 1345 1571 1378 Alexander
1591 1355 1704 1378 rerum

1007 1399 1212 1439 potirentur.
1243 1407 1284 1429 ιι.

1008 1451 1124 1480 vetere
1149 1446 1455 1488 proscindebantur
1472 1445 1706 1487 magistratus,

1007 1501 1043 1529 et
1057 1498 1116 1539 qui
1132 1498 1253 1538 Remp.
1268 1496 1511 1537 compilabant,
1526 1496 1608 1527 item
1624 1496 1705 1528 belli

1006 1548 1112 1580 duces
1129 1548 1320 1589 proditione
1336 1546 1489 1578 infames.
1533 1545 1633 1578 Nova
1647 1555 1706 1577 au-

1008 1606 1090 1641 tern,
1113 1601 1160 1632 nil
1185 1600 1251 1632 nisi
1278 1608 1409 1631 amores
1437 1598 1706 1632 adolescentum,

1007 1649 1216 1691 suspiciones
1230 1653 1334 1690 atque
1346 1648 1414 1680 iras
1425 1652 1620 1689 parentum,
1630 1656 1708 1678 ava-

1008 1700 1120 1731 ritiam
1142 1699 1373 1732 meretricum.
1399 1706 1455 1730 111.
1475 1698 1486 1716 ‘
1501 1696 1623 1738 Stylo,'
1633 1697 1705 1728 sive

1004 1750 1015 1767 ‘
1033 1749 1172 1791 phrasi,’
1184 1759 1245 1781 seu
1259 1750 1271 1768 ‘
1282 1744 1456 1780 dialecto-¹
1487 1746 1593 1789 Apud
1602 1746 1706 1779 'Gra-

1008 1808 1065 1831 cos
1091 1799 1178 1831 mira
1205 1798 1504 1840 grandiloquentia
1527 1804 1620 1838 soepe
1653 1805 1706 1828 as-

1009 1849 1118 1889 surgit
1139 1848 1183 1880 ad
1207 1847 1424 1889 splendorem
1444 1847 1499 1878 vel
1521 1845 1705 1878 Heroicum

1008 1899 1062 1929 vel
1085 1898 1287 1937 Tragicum:
1312 1898 1345 1928 in
1369 1907 1457 1928 nova
1478 1897 1614 1928 humilis
1636 1900 1707 1937 sty-

1006 1947 1071 1985 lus,
1081 1947 1211 1986 phrasis
1223 1945 1530 1982 familiaris,sermo
1542 1945 1704 1986 plebeius.

1009 2004 1056 2026 iv.
1078 1996 1089 2012 ⁴
1106 1995 1243 2026 Metro.’
1286 1995 1329 2026 In
1345 1995 1454 2026 veteri
1470 1995 1565 2026 varia
1579 1999 1703 2027 metro-

1008 2054 1078 2076 rum
1096 2054 1222 2086 genera
1233 2044 1371 2076 videas:
1395 2048 1433 2076 at
1443 2044 1476 2075 in
1488 2051 1577 2076 nova
1587 2053 1704 2085 unum,

1006 2094 1194 2126 Iambicum
1209 2094 1377 2131 nimirum,
1388 2093 1603 2132 dominatur;
1625 2099 1706 2126 sunt

1006 2143 1158 2174 admixta
1185 2152 1434 2184 nonnumquam
1463 2143 1530 2174 alia
1563 2152 1703 2185 genera,

1006 2192 1066 2224 sed
1084 2193 1265 2224 rarissime.
1296 2193 1479 2225 Postremo
1492 2193 1502 2212 ‘
1515 2193 1704 2235 apparata·

1006 2243 1078 2275 sive
1099 2244 1298 2284 παρασκευῆς
1322 2252 1399 2274 nam
1422 2244 1508 2275 mira
1533 2242 1599 2275 fuit
1615 2243 1703 2275 anti·

1004 2292 1118 2334 quitus
1144 2294 1178 2323 in
1204 2292 1404 2324 adornandis
1430 2293 1564 2335 Choris,
1586 2302 1703 2334 perso-

1004 2342 1125 2383 nisque
1140 2341 1362 2383 instruendis,
1374 2342 1522 2374 luxuries
1534 2354 1544 2382 ς
1566 2347 1703 2375 consta-

1006 2391 1066 2423 bat
1081 2391 1200 2432 viginti
1226 2392 1375 2433 quinque
1399 2393 1561 2433 personis.
1605 2392 1700 2425 Nihil

1007 2442 1076 2473 tale
1092 2441 1125 2472 in
1143 2451 1228 2473 nova
1250 2441 1435 2483 Comoedia,
1449 2450 1470 2474 e
1483 2451 1551 2484 qua
1563 2442 1701 2474 omnino

1004 2491 1156 2523 sublatus
1171 2492 1310 2524 Chorus.
1333 2494 1344 2510 ‘
1359 2491 1478 2524 Media
1489 2491 1498 2505 ¹
1511 2501 1587 2524 cum
1601 2491 1703 2523 liber-

1006 2546 1078 2574 tate
1094 2542 1165 2583 ipsa
1182 2542 1336 2574 extincta
1354 2546 1420 2582 ast,
1431 2551 1508 2574 cum
1524 2541 1642 2574 Poetae
1656 2540 1701 2573 ob

1005 2591 1259 2623 mordacitatem
1286 2591 1320 2623 in
1349 2590 1536 2633 pericnlum
1561 2589 1701 2632 capitis·

1005 2649 1069 2682 que
1098 2641 1278 2672 discrimen
1305 2639 1517 2672 incidebant.
1540 2638 1699 2674 Nunnius.

1005 2689 1072 2721 His
1097 2689 1265 2730 Comoedia]
1300 2689 1494 2730 'tragoediis
1520 2694 1616 2721 vetas
1639 2695 1698 2719 co·

1004 2739 1129 2771 moedia
1143 2740 1205 2772 fuit
1221 2739 1404 2780 posterior.

1323 1401 1332 1415 ⁸
1350 1396 1595 1437 Argumento:’
1627 1405 1705 1428 nam
1768 1410 1771 1412 ·
