1858 3184
624 286 686 324 Q.
701 283 912 317 nonnil
946 284 1140 338 nancei.
1484 273 1610 319 ml*

229 385 326 422 1711
360 384 403 422 ln
423 395 537 424 utun
556 382 742 435 Delphini
759 394 843 422 vu.
861 379 1048 433 pefLud.
1069 379 1257 432 nupta.
1277 380 1403 420 lond.
1424 383 1464 422 8.

221 469 277 477 -
302 443 551 500 oper-ascum
567 447 672 487 notis
685 445 780 486 Chr.
796 444 999 486 Junekeri.
1019 440 1126 496 lips.
1150 445 1215 484 12.

227 514 329 551 1712
354 512 405 557 Q.
425 512 478 552 H.
498 512 544 552 F.
575 509 866 552 accuratissime
896 507 1128 549 emendatus
1160 515 1202 548 et
1229 507 1451 561 explicatus
1483 521 1597 561 para·

168 575 302 627 phrasi
315 588 418 614 nova
433 574 535 615 Eilb.
554 575 704 614 Lubini.
726 572 905 612 Franeof.
922 574 963 611 4.

219 661 275 669 -
301 638 444 678 Bondii
461 651 569 679 va.
586 651 635 679 ex
661 648 742 677 ree.
760 635 901 676 Heius.
918 635 1025 688 apud
1053 635 1243 675 Janeson.
1263 635 1483 687 wmberg.
1498 635 1600 676 Am-

165 702 258 742 etel.
279 704 343 741 12.

222 766 329 804 171³,
351 763 518 803 Bentleii
536 775 591 803 11.
607 763 772 803 mccl.
791 762 898 815 apud
930 762 1201 802 Wemteinioe.
1231 762 1519 814 4.-Adjecm
1535 770 1600 804 eet

163 828 205 865 in
222 828 300 866 fine
317 826 442 866 Index
459 827 551 866 olim
568 826 759 865 collectus
778 839 803 864 a
826 826 928 866 Tho.
946 826 1119 873 Tretero‚
1138 825 1281 865 deinde
1312 826 1495 865 omnibns
1514 827 1598 866 edi-

160 889 333 929 tionibus
364 889 684 929 accommodatus
720 903 746 929 a
775 889 881 929 Dan.
919 890 1163 937 heumanno,
1181 902 1287 930 nunc
1324 890 1443 929 etiam
1480 889 1595 928 Rich.

162 952 328 992 Bentleii
346 953 583 992 variantibus
616 954 863 993 Lectionibus
894 960 1035 992 anctus
1052 961 1094 992 et
1122 953 1356 993 emendatus
1388 954 1438 992 ab
1457 953 1595 992 isaaco

160 1014 389 1068 Verbnrgio.
1192 1041 1196 1047 -

210 1101 266 1108 —
290 1079 356 1118 Ad
374 1078 425 1118 R.
445 1079 613 1119 Bentleii
641 1079 737 1119 edit.
765 1093 990 1132 expressus,
1006 1094 1098 1121 eum
1124 1081 1231 1122 notis
1249 1081 1389 1121 Thon.
1409 1080 1592 1121 Bentleii.

161 1142 331 1193 Impens-
350 1143 471 1181 Corn.
490 1142 739 1182 Crovmfield.
759 1144 947 1183 cantabr.
971 1146 1034 1184 12.

212 1226 269 1234 —
292 1217 388 1243 eura
403 1205 490 1244 Jac.
508 1205 689 1244 Watson.
709 1205 850 1244 Edinb.
874 1208 937 1246 12.
982 1216 985 1219 “

215 1289 269 1297 -
295 1267 426 1320 Opera
450 1268 594 1316 omnia,
612 1268 664 1307 ad
682 1268 799 1307 fidem
818 1268 950 1309 Codd.
970 1269 1073 1308 Mes.
1097 1269 1322 1318 emendata,
1338 1282 1409 1322 per
1426 1269 1475 1308 P.
1495 1269 1593 1309 Bnr·
1610 1307 1616 1311 .

158 1343 358 1369 mannum.
376 1331 558 1382 Trajeeti,
577 1345 643 1383 up.
664 1332 772 1370 Guil.
788 1345 864 1371 van
883 1332 934 1371 de
956 1333 1106 1372 Water.
1128 1335 1193 1372 12.

208 1414 264 1425 —-
287 1406 325 1432 e.
341 1406 442 1433 vers.
459 1394 672 1433 Tarteronii
691 1407 794 1433 novo
814 1395 948 1434 studio
966 1396 1190 1435 emendata.
1207 1397 1334 1435 Paris.
1357 1397 1420 1435 12.
1480 1415 1482 1417 ·

207 1477 264 1485 —-
289 1456 335 1494 In
353 1469 462 1508 corp.
480 1459 603 1508 poett.
622 1457 750 1496 Latin.
770 1457 913 1498 edente
930 1459 1052 1498 nich.
1072 1460 1287 1499 naettario.

212 1521 315 1558 1714
340 1533 428 1558 cum
445 1521 548 1560 notis
566 1521 759 1566 Juvencii.
774 1522 962 1562 Rothom.
978 1525 1018 1562 8.
1071 1540 1080 1547 ·

206 1603 263 1612 —
287 1583 453 1623 maeuii
471 1596 517 1624 x.
535 1585 724 1625 Roterod.
744 1587 847 1637 typis
866 1585 1035 1626 Fritsch.
1053 1593 1095 1626 et
1109 1587 1239 1626 Bohn.
1254 1589 1295 1626 8.

207 1668 263 1675 --
286 1647 371 1684 Lat.
390 1661 424 1686 c.
444 1661 546 1686 vers.
580 1648 697 1699 Angl.
717 1649 834 1687 etiam
851 1656 1030 1688 notarum
1058 1650 1240 1689 Bentleii.
1272 1649 1440 1689 Londin.
1458 1649 1587 1689 mou,

161 1709 224 1747 l2.

214 1772 318 1809 1⁷15
344 1771 490 1822 Opera,
500 1785 595 1811 cura
608 1773 729 1811 Mich.
749 1758 1068 1819 Maittairequm
1081 1775 1319 1815 variantibus
1340 1775 1587 1814 Lectionibus

158 1833 289 1872 Codd.
308 1833 413 1884 apud
430 1835 590 1872 Tonson
605 1841 647 1873 et
662 1835 807 1874 Watts.
827 1835 953 1874 Lond.
978 1838 1039 1874 12.

209 1917 263 1925 —
289 1895 394 1947 Opp.
415 1896 501 1936 Lat.
514 1904 555 1935 et
571 1897 677 1936 Gall.
691 1911 729 1936 e.
749 1899 852 1937 notis
871 1899 1093 1950 Pellegrini.
1109 1900 1235 1940 Pal-iz.
1255 1903 1281 1939 2
1300 1907 1396 1940 tom.
1415 1903 1455 1940 8.

207 1980 262 1988 -
285 1959 326 1998 J.
346 1959 503 1998 Sturmii
523 1960 741 1998 Comment.
758 1962 800 1998 in
827 1968 949 2001 artem
968 1963 1163 2012 poetieam
1180 1964 1231 2008 Q.
1251 1964 1351 2004 Hor.
1366 1965 1430 2003 Fl.
1450 1964 1513 2004 ed.
1535 1967 1585 2006 ab

153 2021 194 2060 J.
214 2021 336 2060 Henr.
353 2022 520 2060 Ackero.
541 2022 806 2062 Rudolstadii.
825 2026 863 2063 8.

211 2085 310 2122 1717
338 2084 504 2124 Bentleii
524 2098 596 2124 111.
616 2087 780 2125 Amstel.
797 2089 838 2126 4.

202 2169 257 2175 —
282 2147 329 2186 In
347 2161 461 2187 usum
480 2148 665 2200 Delphini
686 2162 789 2189 vm.
808 2163 879 2202 per
896 2151 996 2192 Lud.
1018 2153 1208 2205 Desprez.
1228 2148 1355 2194 L'ond.
1377 2158 1419 2195 8.

202 2232 256 2240 —
280 2223 370 2251 cum
386 2213 491 2250 notis
508 2213 701 2253 Juvencii.
719 2214 859 2254 Venet.
883 2217 946 2254 12.

202 2295 257 2302 -—
283 2274 482 2314 Sanadoni
500 2276 649 2316 Theseu
668 2277 909 2318 Horatianae.
927 2279 1053 2319 Paris.
1071 2284 1112 2320 4.

207 2338 307 2376 1718
334 2351 383 2376 ex
400 2351 479 2378 rec.
499 2339 665 2378 Heinsii.
683 2341 845 2381 Amstel.
866 2355 930 2394 ap.
950 2343 1140 2382 Jansson.
1158 2345 1437 2395 Wl'aesbergios.
1457 2347 1524 2384 24.

202 2421 259 2432 —·-
283 2414 320 2439 c.
332 2414 434 2440 vers.
448 2402 568 2452 Angl.
585 2404 692 2453 po'et.
710 2403 783 2443 Th.
802 2406 970 2446 Creech.
990 2407 1156 2446 Londin.
1179 2411 1205 2445 2
1223 2407 1318 2446 voll.
1342 2409 1406 2446 12.

146 2492 149 2493 γ
208 2463 308 2501 1719
335 2477 424 2504 eum
443 2465 546 2505 notis
566 2465 756 2506 Juvencii.
772 2468 897 2508 Paris.
914 2473 953 2508 8.

204 2545 258 2550 —
282 2536 332 2562 ex
360 2538 509 2564 reeens.
529 2527 680 2566 Heinsii
698 2536 740 2568 et
758 2531 886 2579 Fabri,
916 2545 963 2571 ac
994 2546 1083 2571 cum
1104 2534 1216 2571 variis
1247 2533 1498 2574 Lectionibus
1524 2536 1575 2575 R.

152 2585 333 2627 Bentleii.
352 2587 515 2627 Amstel.
534 2601 596 2640 ap.
617 2590 666 2629 R.
681 2601 721 2631 et
739 2593 791 2634 G.
806 2595 1075 2635 wetsteinios.
1094 2597 1160 2634 24.
1182 2596 1313 2635 Editio
1332 2598 1468 2637 nitida.
1495 2630 1498 2635 .

205 2670 257 2679 -
282 2662 371 2688 eum
389 2663 489 2689 vers.
505 2651 611 2692 Gall.
630 2661 669 2692 et
687 2657 789 2695 notis
807 2659 857 2697 A.
878 2658 1046 2697 Dacerii.

204 2735 258 2741 —
282 2726 371 2752 eum
388 2726 489 2754 vers.
502 2715 605 2754 Gall.
618 2717 830 2760 Tarteroni.
849 2722 976 2760 Paris.
999 2723 1062 2760 12.

208 2778 308 2815 1720
335 2777 464 2829 Opera
481 2788 706 2831 expurgata.
732 2784 1055 2836 Interpretatione
1069 2785 1119 2824 ad
1153 2787 1325 2833 verbnm,
1343 2763 1459 2828 {ariis
1490 2789 1571 2828 lec·-

147 2839 332 2887 tionibus,
365 2854 411 2880 ae
445 2843 547 2882 notis
566 2842 768 2885 illustravit
786 2847 851 2886 Jo.
871 2847 927 2900 du
946 2848 1101 2897 Hameh
1120 2850 1158 2889 in
1189 2850 1293 2893 alma
1324 2852 1437 2891 Univ.
1462 2852 1570 2891 Pari·
