1858 3184
261 206 376 250 1962
685 215 948 249 RECENSUS
982 215 1271 263 nni'riouuin

319 318 421 357 1567
450 317 654 368 Po‘o'mata‚
669 331 760 357 cum
776 318 965 363 Annotat.
987 318 1128 358 Franc.
1151 318 1303 358 Irenici.
1324 317 1448 370 Lugd.
1467 320 1508 357 8.

312 405 366 411 —-
395 383 508 422 Liber
528 382 712 436 Epodon,
732 394 827 419 cura
847 382 937 421 Jac.
959 383 1140 434 Cruquii.
1160 384 1279 421 Antv.
1302 384 1341 422 8.

313 469 367 475 ——
394 448 491 486 Ant.
528 446 663 485 Herm.
693 444 893 497 Gogavini
927 445 1127 485 Elenchus
1166 446 1399 485 omissorum
1432 445 1472 497 in
1507 445 1714 487 Horatium

259 513 432 563 poetam.
454 510 616 548 Sablon.
638 512 676 548 8.
715 509 973 555 Rafissimus,
987 517 1033 550 ut
1062 512 1250 550 subnotat
1268 511 1376 558 Jani,
1405 516 1445 549 et
1463 510 1716 563 prmlarissi.

261 589 348 613 mus
367 575 538 613 libellus.
1680 564 1682 567 ’
1713 564 1719 569 ”

317 639 419 677 1568
450 637 679 690 Leodegarii
712 651 736 677 a
756 639 912 684 Quercu
932 639 1058 678 oratio
1077 640 1115 677 in
1137 638 1278 678 librum
1299 651 1353 677 11.
1384 638 1609 691 Satyrarum
1634 638 1717 677 Ho-

260 702 365 749 ratii,
383 702 519 742 habita
539 702 709 742 Kalend.
730 702 895 742 Octobr.
918 705 1035 742 1563.
1055 702 1160 755 apud
1177 702 1297 740 Dion.
1317 714 1341 740 a
1357 701 1491 741 Prato.
1508 702 1634 741 Paris.
1659 704 1698 741 8.

313 788 369 799 —
397 766 543 806 Matth.
577 767 736 805 Collinii
767 767 995 806 Harmoniae
1030 768 1209 806 univocae
1238 766 1278 804 in
1317 765 1427 804 Odas
1464 766 1718 805 Horatiana&

261 830 426 882 Argent.
448 832 487 868 8.

313 917 369 924 —-
397 894 542 947 Opera,
557 907 647 934 cum
665 896 827 934 metrica
846 895 1063 934 carminum
1078 896 1242 934 ratione.
1262 882 1351 933 Col.
1372 894 1469 947 Agr.
1491 896 1530 934 8.

314 981 369 988 -—·
395 972 463 1011 per
480 958 617 998 hered.
638 959 728 998 Nic.
747 959 923 1012 Bryling.
943 959 1065 998 Basil.
1085 962 1123 998 8.

314 1046 370 1054 --
396 1037 486 1062 cum
503 1023 666 1061 metrica
683 1036 803 1061 carm.
823 1024 988 1070 ratione,
1020 1030 1061 1062 et
1093 1025 1205 1074 arg-g.
1224 1022 1369 1072 ubique
1403 1021 1614 1069 illustrata,
1633 1029 1722 1066 tum,

261 1088 379 1127 etiam
399 1086 564 1125 doctiss.
583 1087 753 1125 virorum
769 1087 933 1124 Annott.
955 1087 1016 1124 Ex
1034 1087 1139 1125 offic.
1154 1087 1251 1126 Ern.
1269 1084 1481 1137 Voegelini‚
1507 1085 1718 1124 Constant.

265 1151 306 1189 Li
338 1165 372 1190 s.
394 1152 431 1189 8.

310 1165 431 1255 5569-
453 1214 503 1253 de
524 1215 619 1252 Arte
638 1213 795 1265 poetica
813 1196 925 1261 liber,
945 1226 1036 1253 cum
1054 1214 1237 1254 brevibus
1251 1214 1427 1255 scholiis.
1447 1213 1566 1266 Apud
1597 1213 1721 1253 Gabr.

266 1280 395 1317 Buon.
415 1279 543 1317 Paris.
563 1281 603 1315 4.

317 1365 371 1371 --
399 1341 448 1385 Q.
480 1342 534 1380 H.
568 1341 613 1379 F.
643 1352 734 1378 cum
767 1348 1022 1381 commentar.
1054 1342 1173 1381 Dion.
1213 1343 1406 1389 Lambini,
1441 1355 1505 1393 ap.
1541 1341 1720 1380 Wechel.

267 1406 450 1445 Francos.
472 1408 515 1443 4.

321 1492 375 1499 -
402 1470 469 1508 Jo.
489 1469 710 1508 Sambucus
731 1469 770 1506 in
792 1468 926 1507 Artem
942 1468 1152 1520 poeticam.
1171 1469 1291 1508 Antv.
1308 1471 1346 1508 8.

321 1556 375 1563 —
403 1532 510 1584 Opp.
544 1546 636 1571 cum
668 1546 810 1571 comm.
846 1534 935 1571 Acr.
958 1532 1123 1581 Erasmi‚
1147 1531 1294 1572 Sabell.
1325 1539 1365 1571 et
1396 1532 1575 1589 aliorum.
1605 1532 1722 1583 Apud

268 1596 403 1636 hered.
424 1597 572 1635 Christ.
593 1596 788 1647 Egenolfi.
810 1596 992 1635 Francof.
1016 1598 1079 1636 12.

326 1661 430 1699 1570
461 1659 633 1698 Henrico
636 1659 814 1698 -Petrina
830 1672 880 1698 ιι.
898 1673 988 1699 cum
1008 1667 1238 1700 commentt.
1260 1673 1336 1700 x1..
1356 1660 1724 1700 Grammaticorum.

272 1725 395 1764 Basil.
416 1724 487 1764 fol.

324 1812 378 1819 —-
407 1788 458 1832 Q.
478 1788 531 1826 H.
554 1787 598 1826 F.
618 1800 707 1826 cum
727 1787 887 1827 scholiis
909 1788 1003 1826 Ant.
1034 1788 1180 1826 Mureti
1214 1794 1256 1826 et
1286 1786 1570 1826 animadverss.
1599 1787 1726 1834 Bruti,

273 1852 381 1904 apud
397 1851 558 1891 Aldum.
578 1852 719 1891 V.enet
741 1854 781 1890 8.

325 1938 379 1944 --
406 1915 639 1953 auctoritate
657 1914 869 1952 multorum
890 1914 992 1964 Cod.
1021 1915 1123 1953 Mss.
1145 1916 1377 1954 emendatus
1397 1927 1519 1966 opera
1538 1915 1591 1953 D.
1611 1914 1731 1957 Lam·,

273 1979 366 2018 bini.
386 1979 447 2016 Ex
465 1978 569 2017 offic.
583 1977 744 2016 Guiliel.
764 1977 887 2015 Silvii.
909 1977 1029 2015 Antv.
1049 1978 1087 2015 8.

328 2064 382 2071 —
409 2041 511 2080 Odae
531 2049 571 2080 et
590 2041 717 2092 Epod.
738 2054 828 2079 cum
859 2040 1018 2079 scholiis
1037 2041 1077 2078 J.
1099 2040 1158 2079 M.
1181 2040 1305 2086 Bruti,
1337 2039 1443 2092 apud
1477 2040 1623 2080 Aldum
1639 2041 1727 2092 jun.

276 2106 420 2145 Venet.
440 2106 480 2143 8.

329 2184 384 2200 -ι
411 2169 559 2221 Opera,
577 2181 668 2208 cum
687 2168 1013 2221 castigationibus
1034 2169 1182 2220 Georg.
1206 2168 1387 2208 Fabricii.
1418 2169 1537 2222 Typis
1558 2170 1730 2222 Voegeli-

278 2234 421 2273 nianis.
439 2234 547 2284 Lips.
569 2235 608 2272 8.
645 2233 718 2272 Ed.
750 2233 934 2285 primaria
973 2233 1141 2272 Fabricii
1174 2232 1306 2271 Codd.
1340 2232 1443 2271 Mss.
1477 2233 1553 2280 usi,
1584 2234 1729 2286 saepius

280 2298 373 2337 dein
392 2297 582 2349 repetita:
611 2297 724 2349 cujus
739 2297 1038 2336 fundamentum
1054 2297 1209 2335 videtur
1227 2297 1448 2348 exemplum
1468 2297 1492 2335 J
1499 2298 1688 2337 untmum

333 2386 388 2392 —
413 2374 504 2402 cum
522 2374 665 2400 comm.
685 2360 791 2400 Petri
811 2360 967 2400 Criniti.
989 2361 1191 2413 Dillingae‚
1211 2374 1278 2413 ap.
1300 2361 1453 2412 Mayer.
1476 2362 1515 2399 8.

338 2428 438 2466 1571
470 2416 616 2478 Opera,
633 2426 682 2464 ab
698 2425 957 2465 obscoenitate
976 2431 1201 2477 repurgata.
1221 2425 1388 2476 Dilling.
1409 2426 1449 2464 8.

333 2514 389 2520 —
414 2490 619 2536 poemata,
635 2503 673 2529 c.
694 2502 806 2542 argg.
825 2496 868 2528 et
898 2489 1068 2542 castigg.
1089 2490 1140 2528 G.
1163 2489 1346 2537 Fabricii,
1365 2488 1570 2529 Chemnic.
1587 2502 1623 2528 c.
1645 2489 1733 2529 Ind.

284 2555 528 2607 adagiorum.
545 2552 653 2606 Lips.
675 2556 712 2592 8.
734 2567 800 2606 ap.
820 2554 886 2593 Jo.
902 2554 1217 2593 Steinmannum.

336 2641 389 2648 -
417 2619 621 2666 Poemata,
641 2618 935 2658 accuratissime
961 2619 1180 2670 castigata:
1210 2617 1330 2657 editio
1362 2617 1450 2656 haec
1469 2629 1579 2669 argg.
1601 2613 1731 2668 sing'g.

284 2682 515 2720 poematum
548 2683 692 2729 certis‚-
715 2689 799 2722 tum
837 2688 986 2721 annott.
1026 2683 1197 2734 copiosis
1235 2683 1427 2721 instructa
1462 2677 1544 2729 est‚'
1570 2695 1604 2728 a⁴
1627 2680 1731 2728 Guil.

285 2745 503 2799 Xylandr0‚
525 2758 586 2796 ap.
608 2747 671 2785 Jo.
696 2747 834 2798 Majcr.
859 2746 1040 2786 Hcidelb.
1061 2749 1100 2785 8.
