<?xml version="1.0" encoding="UTF-8"?>
<!DOCTYPE html PUBLIC "-//W3C//DTD XHTML 1.0 Transitional//EN"
    "http://www.w3.org/TR/xhtml1/DTD/xhtml1-transitional.dtd">
<html xmlns="http://www.w3.org/1999/xhtml" xml:lang="en" lang="en">
 <head>
  <title>
</title>
<meta http-equiv="Content-Type" content="text/html;charset=utf-8" />
  <meta name='ocr-system' content='tesseract 3.04.00' />
  <meta name='ocr-capabilities' content='ocr_page ocr_carea ocr_par ocr_line ocrx_word'/>
</head>
<body>
  <div class='ocr_page' id='page_1' title='image "./operaomnia04horauoft/operaomnia04horauoft_0232.png"; bbox 0 0 1858 3184; ppageno 0'>
   <div class='ocr_carea' id='block_1_1' title="bbox 291 220 1295 264">
    <p class='ocr_par' dir='ltr' id='par_1_1' title="bbox 291 220 1295 264">
     <span class='ocr_line' id='line_1_1' title="bbox 291 220 1295 264; baseline 0 -2"><span class='ocrx_word' id='word_1_1' title='bbox 291 220 407 263; x_wconf 79' lang='grc'><strong>1982</strong></span> <span class='ocrx_word' id='word_1_2' title='bbox 715 231 975 264; x_wconf 72' lang='lat' dir='ltr'>REGENSUS</span> <span class='ocrx_word' id='word_1_3' title='bbox 1011 231 1295 264; x_wconf 69' lang='lat' dir='ltr'><strong>uniriouum</strong></span> 
     </span>
    </p>
   </div>
   <div class='ocr_carea' id='block_1_2' title="bbox 288 330 1762 2866">
    <p class='ocr_par' dir='ltr' id='par_1_2' title="bbox 288 330 1740 561">
     <span class='ocr_line' id='line_1_2' title="bbox 290 330 1733 385; baseline 0.003 -15"><span class='ocrx_word' id='word_1_4' title='bbox 290 330 407 370; x_wconf 77' lang='lat' dir='ltr'><strong>siensi</strong></span> <span class='ocrx_word' id='word_1_5' title='bbox 428 330 547 383; x_wconf 91' lang='lat' dir='ltr'><strong>Eloq.</strong></span> <span class='ocrx_word' id='word_1_6' title='bbox 570 331 676 371; x_wconf 83' lang='lat' dir='ltr'><strong>Prof.</strong></span> <span class='ocrx_word' id='word_1_7' title='bbox 698 334 720 370; x_wconf 91' lang='grc'><strong>2</strong></span> <span class='ocrx_word' id='word_1_8' title='bbox 742 332 836 371; x_wconf 86' lang='lat' dir='ltr'><strong>voll.</strong></span> <span class='ocrx_word' id='word_1_9' title='bbox 857 332 962 385; x_wconf 86' lang='lat' dir='ltr'><strong>apud</strong></span> <span class='ocrx_word' id='word_1_10' title='bbox 984 334 1121 372; x_wconf 83' lang='lat' dir='ltr'><strong>fratres</strong></span> <span class='ocrx_word' id='word_1_11' title='bbox 1142 334 1314 372; x_wconf 88' lang='lat' dir='ltr'><strong>Barbou.</strong></span> <span class='ocrx_word' id='word_1_12' title='bbox 1333 332 1459 371; x_wconf 91' lang='lat' dir='ltr'><strong>Paris.</strong></span> <span class='ocrx_word' id='word_1_13' title='bbox 1480 330 1532 372; x_wconf 73' lang='lat'><strong>8.</strong></span> <span class='ocrx_word' id='word_1_14' title='bbox 1551 330 1589 372; x_wconf 85' lang='lat' dir='ltr'><strong>Is</strong></span> <span class='ocrx_word' id='word_1_15' title='bbox 1607 334 1733 375; x_wconf 78' lang='lat' dir='ltr'><strong>Hora-</strong></span> 
     </span>
     <span class='ocr_line' id='line_1_3' title="bbox 288 394 1737 448; baseline 0.003 -15"><span class='ocrx_word' id='word_1_16' title='bbox 288 394 386 434; x_wconf 88' lang='lat' dir='ltr'><strong>tium</strong></span> <span class='ocrx_word' id='word_1_17' title='bbox 402 402 442 433; x_wconf 91' lang='lat' dir='ltr'><strong>et</strong></span> <span class='ocrx_word' id='word_1_18' title='bbox 470 395 520 433; x_wconf 89' lang='lat' dir='ltr'><strong>ad</strong></span> <span class='ocrx_word' id='word_1_19' title='bbox 542 395 672 434; x_wconf 87' lang='lat' dir='ltr'><strong>Codd.</strong></span> <span class='ocrx_word' id='word_1_20' title='bbox 693 396 795 435; x_wconf 90' lang='lat' dir='ltr'><strong>Mss.</strong></span> <span class='ocrx_word' id='word_1_21' title='bbox 828 396 944 435; x_wconf 88' lang='lat' dir='ltr'><strong>fidem</strong></span> <span class='ocrx_word' id='word_1_22' title='bbox 966 403 1006 435; x_wconf 89' lang='lat' dir='ltr'><strong>et</strong></span> <span class='ocrx_word' id='word_1_23' title='bbox 1024 398 1157 436; x_wconf 89' lang='lat' dir='ltr'><strong>multis</strong></span> <span class='ocrx_word' id='word_1_24' title='bbox 1177 397 1274 436; x_wconf 89' lang='lat' dir='ltr'><strong>locis</strong></span> <span class='ocrx_word' id='word_1_25' title='bbox 1304 411 1353 436; x_wconf 90' lang='lat' dir='ltr'><strong>ex</strong></span> <span class='ocrx_word' id='word_1_26' title='bbox 1382 397 1541 448; x_wconf 85' lang='lat' dir='ltr'><strong>ingenio</strong></span> <span class='ocrx_word' id='word_1_27' title='bbox 1559 399 1737 446; x_wconf 86' lang='lat' dir='ltr'><strong>correxit,</strong></span> 
     </span>
     <span class='ocr_line' id='line_1_4' title="bbox 288 459 1740 513; baseline 0.003 -16"><span class='ocrx_word' id='word_1_28' title='bbox 288 459 426 510; x_wconf 88' lang='lat' dir='ltr'><strong>majori</strong></span> <span class='ocrx_word' id='word_1_29' title='bbox 445 460 701 510; x_wconf 85' lang='lat' dir='ltr'><strong>arrogantia,</strong></span> <span class='ocrx_word' id='word_1_30' title='bbox 738 473 855 511; x_wconf 87' lang='lat' dir='ltr'><strong>quam</strong></span> <span class='ocrx_word' id='word_1_31' title='bbox 892 461 1096 505; x_wconf 85' lang='lat' dir='ltr'><strong>doctrina;</strong></span> <span class='ocrx_word' id='word_1_32' title='bbox 1127 461 1220 500; x_wconf 87' lang='lat' dir='ltr'><strong>hinc</strong></span> <span class='ocrx_word' id='word_1_33' title='bbox 1258 460 1426 500; x_wconf 84' lang='lat' dir='ltr'>subinde</span> <span class='ocrx_word' id='word_1_34' title='bbox 1463 461 1681 513; x_wconf 85' lang='lat' dir='ltr'><strong>castigatur</strong></span> <span class='ocrx_word' id='word_1_35' title='bbox 1717 476 1740 501; x_wconf 88' lang='lat' dir='ltr'><strong>a</strong></span> 
     </span>
     <span class='ocr_line' id='line_1_5' title="bbox 291 522 520 561; baseline -0.004 0"><span class='ocrx_word' id='word_1_36' title='bbox 291 522 520 561; x_wconf 85' lang='lat' dir='ltr'><strong>Sanadono.</strong></span> 
     </span>
    </p>

    <p class='ocr_par' dir='ltr' id='par_1_3' title="bbox 292 584 1743 814">
     <span class='ocr_line' id='line_1_6' title="bbox 313 584 1738 640; baseline 0.004 -18"><span class='ocrx_word' id='word_1_37' title='bbox 313 614 316 617; x_wconf 29' lang='lat'><strong>⁴</strong></span> <span class='ocrx_word' id='word_1_38' title='bbox 348 587 448 623; x_wconf 84' lang='lat'>1721</span> <span class='ocrx_word' id='word_1_39' title='bbox 481 584 734 636; x_wconf 86' lang='lat' dir='ltr'><strong>Cuningamii</strong></span> <span class='ocrx_word' id='word_1_40' title='bbox 768 601 800 626; x_wconf 89' lang='lat'><strong>1.</strong></span> <span class='ocrx_word' id='word_1_41' title='bbox 847 588 1050 636; x_wconf 68' lang='lat' dir='ltr'><strong>Poemata,</strong></span> <span class='ocrx_word' id='word_1_42' title='bbox 1079 602 1127 627; x_wconf 88' lang='lat' dir='ltr'><strong>ex</strong></span> <span class='ocrx_word' id='word_1_43' title='bbox 1172 589 1343 640; x_wconf 83' lang='lat' dir='ltr'>antiquis</span> <span class='ocrx_word' id='word_1_44' title='bbox 1378 589 1509 628; x_wconf 89' lang='lat' dir='ltr'><strong>Codd.</strong></span> <span class='ocrx_word' id='word_1_45' title='bbox 1547 595 1588 628; x_wconf 92' lang='lat' dir='ltr'><strong>et</strong></span> <span class='ocrx_word' id='word_1_46' title='bbox 1620 589 1738 628; x_wconf 84' lang='lat' dir='ltr'><strong>certis</strong></span> 
     </span>
     <span class='ocr_line' id='line_1_7' title="bbox 294 649 1741 705; baseline 0.004 -19"><span class='ocrx_word' id='word_1_47' title='bbox 294 649 463 687; x_wconf 88' lang='lat' dir='ltr'><strong>Observ.</strong></span> <span class='ocrx_word' id='word_1_48' title='bbox 496 650 733 697; x_wconf 86' lang='lat' dir='ltr'><strong>emendavit,</strong></span> <span class='ocrx_word' id='word_1_49' title='bbox 760 652 966 704; x_wconf 85' lang='lat' dir='ltr'><strong>variasque</strong></span> <span class='ocrx_word' id='word_1_50' title='bbox 1001 653 1233 705; x_wconf 88' lang='lat' dir='ltr'><strong>scriptorum</strong></span> <span class='ocrx_word' id='word_1_51' title='bbox 1264 660 1303 691; x_wconf 92' lang='lat' dir='ltr'><strong>et</strong></span> <span class='ocrx_word' id='word_1_52' title='bbox 1335 654 1612 705; x_wconf 80' lang='lat' dir='ltr'>impressorum</span> <span class='ocrx_word' id='word_1_53' title='bbox 1644 654 1741 692; x_wconf 86' lang='lat' dir='ltr'><strong>Lec-</strong></span> 
     </span>
     <span class='ocr_line' id='line_1_8' title="bbox 292 711 1743 768; baseline 0.003 -18"><span class='ocrx_word' id='word_1_54' title='bbox 292 711 420 751; x_wconf 85' lang='lat' dir='ltr'><strong>tiones</strong></span> <span class='ocrx_word' id='word_1_55' title='bbox 451 712 599 764; x_wconf 89' lang='lat' dir='ltr'><strong>adjecit</strong></span> <span class='ocrx_word' id='word_1_56' title='bbox 628 714 741 752; x_wconf 86' lang='lat' dir='ltr'><strong>Alex.</strong></span> <span class='ocrx_word' id='word_1_57' title='bbox 765 715 1065 768; x_wconf 87' lang='lat' dir='ltr'><strong>Cuningamius.</strong></span> <span class='ocrx_word' id='word_1_58' title='bbox 1124 717 1252 767; x_wconf 84' lang='lat' dir='ltr'><strong>Hagae</strong></span> <span class='ocrx_word' id='word_1_59' title='bbox 1273 716 1386 755; x_wconf 92' lang='lat' dir='ltr'><strong>Com.</strong></span> <span class='ocrx_word' id='word_1_60' title='bbox 1409 718 1515 768; x_wconf 88' lang='lat' dir='ltr'><strong>apud</strong></span> <span class='ocrx_word' id='word_1_61' title='bbox 1549 717 1623 755; x_wconf 84' lang='lat' dir='ltr'><strong>Th.</strong></span> <span class='ocrx_word' id='word_1_62' title='bbox 1643 717 1743 756; x_wconf 86' lang='lat' dir='ltr'><strong>Jan-</strong></span> 
     </span>
     <span class='ocr_line' id='line_1_9' title="bbox 296 778 445 814; baseline 0 0"><span class='ocrx_word' id='word_1_63' title='bbox 296 788 384 814; x_wconf 82' lang='lat' dir='ltr'><strong>son.</strong></span> <span class='ocrx_word' id='word_1_64' title='bbox 407 778 445 814; x_wconf 88' lang='grc'><strong>8.</strong></span> 
     </span>
    </p>

    <p class='ocr_par' dir='ltr' id='par_1_4' title="bbox 293 839 1744 958">
     <span class='ocr_line' id='line_1_10' title="bbox 345 839 1744 892; baseline 0.004 -16"><span class='ocrx_word' id='word_1_65' title='bbox 345 862 400 868; x_wconf 83' lang='grc'>-</span> <span class='ocrx_word' id='word_1_66' title='bbox 427 839 565 891; x_wconf 91' lang='lat' dir='ltr'><strong>Ejusd.</strong></span> <span class='ocrx_word' id='word_1_67' title='bbox 586 842 957 882; x_wconf 85' lang='lat' dir='ltr'><strong>Animadversiones</strong></span> <span class='ocrx_word' id='word_1_68' title='bbox 976 844 1013 882; x_wconf 90' lang='lat' dir='ltr'><strong>in</strong></span> <span class='ocrx_word' id='word_1_69' title='bbox 1031 843 1145 882; x_wconf 87' lang='lat' dir='ltr'><strong>Rich.</strong></span> <span class='ocrx_word' id='word_1_70' title='bbox 1168 844 1335 882; x_wconf 79' lang='lat' dir='ltr'><strong>Bentleii</strong></span> <span class='ocrx_word' id='word_1_71' title='bbox 1354 850 1484 892; x_wconf 84' lang='lat' dir='ltr'><strong>notas,</strong></span> <span class='ocrx_word' id='word_1_72' title='bbox 1500 851 1540 883; x_wconf 87' lang='lat' dir='ltr'><strong>et</strong></span> <span class='ocrx_word' id='word_1_73' title='bbox 1556 844 1744 883; x_wconf 82' lang='lat' dir='ltr'><strong>emenda-</strong></span> 
     </span>
     <span class='ocr_line' id='line_1_11' title="bbox 293 903 1510 958; baseline 0.004 -17"><span class='ocrx_word' id='word_1_74' title='bbox 293 903 421 942; x_wconf 84' lang='lat' dir='ltr'><strong>tiones</strong></span> <span class='ocrx_word' id='word_1_75' title='bbox 443 904 494 942; x_wconf 90' lang='lat' dir='ltr'><strong>ad</strong></span> <span class='ocrx_word' id='word_1_76' title='bbox 513 904 564 948; x_wconf 87' lang='lat' dir='ltr'><strong>Q.</strong></span> <span class='ocrx_word' id='word_1_77' title='bbox 585 905 637 944; x_wconf 91' lang='lat' dir='ltr'><strong>H.</strong></span> <span class='ocrx_word' id='word_1_78' title='bbox 661 906 704 944; x_wconf 91' lang='lat' dir='ltr'><strong>F.</strong></span> <span class='ocrx_word' id='word_1_79' title='bbox 727 907 854 958; x_wconf 85' lang='lat' dir='ltr'><strong>Hagae</strong></span> <span class='ocrx_word' id='word_1_80' title='bbox 887 908 998 945; x_wconf 90' lang='lat' dir='ltr'><strong>Com.</strong></span> <span class='ocrx_word' id='word_1_81' title='bbox 1036 907 1141 958; x_wconf 88' lang='lat' dir='ltr'><strong>apud</strong></span> <span class='ocrx_word' id='word_1_82' title='bbox 1174 907 1247 946; x_wconf 90' lang='lat' dir='ltr'><strong>Th.</strong></span> <span class='ocrx_word' id='word_1_83' title='bbox 1281 908 1449 947; x_wconf 89' lang='lat' dir='ltr'><strong>Janson.</strong></span> <span class='ocrx_word' id='word_1_84' title='bbox 1471 910 1510 947; x_wconf 87' lang='lat'><strong>8.</strong></span> 
     </span>
    </p>

    <p class='ocr_par' dir='ltr' id='par_1_5' title="bbox 294 968 1753 1642">
     <span class='ocr_line' id='line_1_12' title="bbox 349 968 1746 1022; baseline 0.003 -17"><span class='ocrx_word' id='word_1_85' title='bbox 349 968 636 1019; x_wconf 87' lang='lat' dir='ltr'><strong>Cuningamius</strong></span> <span class='ocrx_word' id='word_1_86' title='bbox 654 970 718 1008; x_wconf 87' lang='lat' dir='ltr'><strong>ed.</strong></span> <span class='ocrx_word' id='word_1_87' title='bbox 749 984 859 1009; x_wconf 88' lang='lat' dir='ltr'><strong>suam</strong></span> <span class='ocrx_word' id='word_1_88' title='bbox 885 971 1182 1022; x_wconf 77' lang='lat' dir='ltr'><strong>quadringentis</strong></span> <span class='ocrx_word' id='word_1_89' title='bbox 1215 971 1305 1022; x_wconf 88' lang='lat' dir='ltr'><strong>plus</strong></span> <span class='ocrx_word' id='word_1_90' title='bbox 1323 972 1419 1010; x_wconf 91' lang='lat' dir='ltr'><strong>locis</strong></span> <span class='ocrx_word' id='word_1_91' title='bbox 1439 971 1746 1010; x_wconf 81' lang='lat' dir='ltr'><strong>emendatiorem</strong></span> 
     </span>
     <span class='ocr_line' id='line_1_13' title="bbox 295 1031 1750 1084; baseline 0.002 -15"><span class='ocrx_word' id='word_1_92' title='bbox 295 1031 529 1070; x_wconf 88' lang='lat' dir='ltr'><strong>Bentleiana</strong></span> <span class='ocrx_word' id='word_1_93' title='bbox 548 1033 765 1071; x_wconf 89' lang='lat' dir='ltr'><strong>adornasse</strong></span> <span class='ocrx_word' id='word_1_94' title='bbox 786 1047 828 1072; x_wconf 82' lang='lat' dir='ltr'><strong>se</strong></span> <span class='ocrx_word' id='word_1_95' title='bbox 849 1035 1038 1078; x_wconf 83' lang='lat' dir='ltr'><strong>affirmat;</strong></span> <span class='ocrx_word' id='word_1_96' title='bbox 1069 1039 1195 1072; x_wconf 69' lang='lat' dir='ltr'><strong>certas</strong></span> <span class='ocrx_word' id='word_1_97' title='bbox 1213 1047 1312 1084; x_wconf 87' lang='lat' dir='ltr'><strong>quas</strong></span> <span class='ocrx_word' id='word_1_98' title='bbox 1346 1034 1443 1072; x_wconf 90' lang='lat' dir='ltr'><strong>dicit</strong></span> <span class='ocrx_word' id='word_1_99' title='bbox 1462 1036 1669 1074; x_wconf 77' lang='lat' dir='ltr'><strong>observatt.</strong></span> <span class='ocrx_word' id='word_1_100' title='bbox 1689 1035 1750 1072; x_wconf 88' lang='lat' dir='ltr'><strong>in-</strong></span> 
     </span>
     <span class='ocr_line' id='line_1_14' title="bbox 294 1095 1750 1147; baseline 0.002 -15"><span class='ocrx_word' id='word_1_101' title='bbox 294 1095 429 1145; x_wconf 85' lang='lat' dir='ltr'><strong>primis</strong></span> <span class='ocrx_word' id='word_1_102' title='bbox 449 1108 499 1132; x_wconf 87' lang='lat' dir='ltr'><strong>ex</strong></span> <span class='ocrx_word' id='word_1_103' title='bbox 519 1095 623 1133; x_wconf 90' lang='lat' dir='ltr'><strong>Cod.</strong></span> <span class='ocrx_word' id='word_1_104' title='bbox 656 1096 868 1135; x_wconf 90' lang='lat' dir='ltr'><strong>Blandinio</strong></span> <span class='ocrx_word' id='word_1_105' title='bbox 900 1096 1173 1147; x_wconf 87' lang='lat' dir='ltr'><strong>antiquissimo</strong></span> <span class='ocrx_word' id='word_1_106' title='bbox 1208 1097 1371 1147; x_wconf 91' lang='lat' dir='ltr'><strong>Cruquii</strong></span> <span class='ocrx_word' id='word_1_107' title='bbox 1402 1103 1443 1135; x_wconf 90' lang='lat' dir='ltr'><strong>et</strong></span> <span class='ocrx_word' id='word_1_108' title='bbox 1471 1097 1750 1135; x_wconf 83' lang='lat' dir='ltr'><strong>Pierio-Vale-</strong></span> 
     </span>
     <span class='ocr_line' id='line_1_15' title="bbox 295 1158 1750 1212; baseline 0.002 -17"><span class='ocrx_word' id='word_1_109' title='bbox 295 1158 422 1205; x_wconf 85' lang='lat' dir='ltr'><strong>riano,</strong></span> <span class='ocrx_word' id='word_1_110' title='bbox 442 1158 515 1196; x_wconf 88' lang='lat' dir='ltr'><strong>sibi</strong></span> <span class='ocrx_word' id='word_1_111' title='bbox 546 1159 783 1198; x_wconf 82' lang='lat' dir='ltr'><strong>informavit.</strong></span> <span class='ocrx_word' id='word_1_112' title='bbox 840 1160 1030 1204; x_wconf 86' lang='lat' dir='ltr'><strong>Quamvis</strong></span> <span class='ocrx_word' id='word_1_113' title='bbox 1066 1165 1194 1198; x_wconf 85' lang='lat' dir='ltr'><strong>autem</strong></span> <span class='ocrx_word' id='word_1_114' title='bbox 1225 1159 1317 1198; x_wconf 92' lang='lat' dir='ltr'><strong>odio</strong></span> <span class='ocrx_word' id='word_1_115' title='bbox 1338 1160 1507 1199; x_wconf 87' lang='lat' dir='ltr'><strong>Bentleii</strong></span> <span class='ocrx_word' id='word_1_116' title='bbox 1539 1160 1591 1199; x_wconf 85' lang='lat' dir='ltr'><strong>ad</strong></span> <span class='ocrx_word' id='word_1_117' title='bbox 1613 1174 1750 1212; x_wconf 88' lang='lat' dir='ltr'><strong>super-</strong></span> 
     </span>
     <span class='ocr_line' id='line_1_16' title="bbox 295 1221 1752 1275; baseline 0.002 -16"><span class='ocrx_word' id='word_1_118' title='bbox 295 1221 401 1260; x_wconf 90' lang='lat' dir='ltr'><strong>biam</strong></span> <span class='ocrx_word' id='word_1_119' title='bbox 417 1222 579 1260; x_wconf 81' lang='lat' dir='ltr'><strong>vertisse</strong></span> <span class='ocrx_word' id='word_1_120' title='bbox 598 1222 790 1270; x_wconf 88' lang='lat' dir='ltr'><strong>videatur,</strong></span> <span class='ocrx_word' id='word_1_121' title='bbox 811 1223 1107 1262; x_wconf 86' lang='lat' dir='ltr'><strong>emendationes</strong></span> <span class='ocrx_word' id='word_1_122' title='bbox 1121 1231 1253 1262; x_wconf 87' lang='lat' dir='ltr'><strong>tamen</strong></span> <span class='ocrx_word' id='word_1_123' title='bbox 1269 1223 1353 1275; x_wconf 84' lang='lat' dir='ltr'><strong>ejus</strong></span> <span class='ocrx_word' id='word_1_124' title='bbox 1372 1231 1583 1263; x_wconf 84' lang='lat' dir='ltr'><strong>censentur</strong></span> <span class='ocrx_word' id='word_1_125' title='bbox 1602 1225 1752 1264; x_wconf 87' lang='lat' dir='ltr'><strong>doctis-</strong></span> 
     </span>
     <span class='ocr_line' id='line_1_17' title="bbox 299 1286 1751 1339; baseline 0.003 -17"><span class='ocrx_word' id='word_1_126' title='bbox 299 1286 409 1323; x_wconf 83' lang='lat' dir='ltr'><strong>simae</strong></span> <span class='ocrx_word' id='word_1_127' title='bbox 430 1298 518 1324; x_wconf 87' lang='lat' dir='ltr'><strong>esse</strong></span> <span class='ocrx_word' id='word_1_128' title='bbox 537 1292 577 1324; x_wconf 89' lang='lat' dir='ltr'><strong>et</strong></span> <span class='ocrx_word' id='word_1_129' title='bbox 607 1286 950 1337; x_wconf 83' lang='lat' dir='ltr'><strong>ingeniosissimae‚</strong></span> <span class='ocrx_word' id='word_1_130' title='bbox 985 1294 1107 1339; x_wconf 80' lang='lat' dir='ltr'><strong>saepe,</strong></span> <span class='ocrx_word' id='word_1_131' title='bbox 1128 1295 1171 1325; x_wconf 90' lang='lat' dir='ltr'><strong>ut</strong></span> <span class='ocrx_word' id='word_1_132' title='bbox 1198 1288 1254 1326; x_wconf 86' lang='lat' dir='ltr'><strong>cl.</strong></span> <span class='ocrx_word' id='word_1_133' title='bbox 1273 1288 1365 1325; x_wconf 89' lang='lat' dir='ltr'><strong>Jani</strong></span> <span class='ocrx_word' id='word_1_134' title='bbox 1395 1288 1604 1334; x_wconf 87' lang='lat' dir='ltr'><strong>existimat,</strong></span> <span class='ocrx_word' id='word_1_135' title='bbox 1636 1288 1668 1326; x_wconf 89' lang='lat' dir='ltr'><strong>si</strong></span> <span class='ocrx_word' id='word_1_136' title='bbox 1701 1288 1751 1326; x_wconf 86' lang='lat' dir='ltr'><strong>ad</strong></span> 
     </span>
     <span class='ocr_line' id='line_1_18' title="bbox 296 1348 1752 1401; baseline 0.001 -15"><span class='ocrx_word' id='word_1_137' title='bbox 296 1348 408 1399; x_wconf 85' lang='lat' dir='ltr'><strong>leges</strong></span> <span class='ocrx_word' id='word_1_138' title='bbox 429 1349 522 1387; x_wconf 88' lang='lat' dir='ltr'><strong>artis</strong></span> <span class='ocrx_word' id='word_1_139' title='bbox 553 1350 699 1388; x_wconf 86' lang='lat' dir='ltr'><strong>criticae</strong></span> <span class='ocrx_word' id='word_1_140' title='bbox 720 1351 983 1397; x_wconf 82' lang='lat' dir='ltr'><strong>excutiantur,</strong></span> <span class='ocrx_word' id='word_1_141' title='bbox 1002 1364 1072 1401; x_wconf 88' lang='lat' dir='ltr'><strong>pro</strong></span> <span class='ocrx_word' id='word_1_142' title='bbox 1102 1351 1216 1389; x_wconf 90' lang='lat' dir='ltr'><strong>unice</strong></span> <span class='ocrx_word' id='word_1_143' title='bbox 1235 1351 1335 1388; x_wconf 88' lang='lat' dir='ltr'><strong>veris</strong></span> <span class='ocrx_word' id='word_1_144' title='bbox 1355 1351 1588 1388; x_wconf 90' lang='lat' dir='ltr'><strong>lectionibus</strong></span> <span class='ocrx_word' id='word_1_145' title='bbox 1604 1351 1752 1388; x_wconf 86' lang='lat' dir='ltr'><strong>haben-</strong></span> 
     </span>
     <span class='ocr_line' id='line_1_19' title="bbox 300 1411 1753 1464; baseline 0.002 -15"><span class='ocrx_word' id='word_1_146' title='bbox 300 1411 378 1450; x_wconf 87' lang='lat' dir='ltr'><strong>dae.</strong></span> <span class='ocrx_word' id='word_1_147' title='bbox 439 1412 567 1450; x_wconf 85' lang='lat' dir='ltr'><strong>Etiam</strong></span> <span class='ocrx_word' id='word_1_148' title='bbox 587 1412 671 1464; x_wconf 89' lang='lat' dir='ltr'><strong>ejus</strong></span> <span class='ocrx_word' id='word_1_149' title='bbox 702 1414 869 1451; x_wconf 88' lang='lat' dir='ltr'><strong>audacia</strong></span> <span class='ocrx_word' id='word_1_150' title='bbox 897 1414 1053 1452; x_wconf 88' lang='lat' dir='ltr'><strong>videtur</strong></span> <span class='ocrx_word' id='word_1_151' title='bbox 1083 1414 1233 1458; x_wconf 83' lang='lat' dir='ltr'><strong>melior,</strong></span> <span class='ocrx_word' id='word_1_152' title='bbox 1269 1426 1386 1464; x_wconf 90' lang='lat' dir='ltr'><strong>quam</strong></span> <span class='ocrx_word' id='word_1_153' title='bbox 1407 1413 1568 1451; x_wconf 85' lang='lat' dir='ltr'><strong>aliorum</strong></span> <span class='ocrx_word' id='word_1_154' title='bbox 1590 1414 1753 1452; x_wconf 86' lang='lat' dir='ltr'><strong>indocta</strong></span> 
     </span>
     <span class='ocr_line' id='line_1_20' title="bbox 300 1475 1752 1529; baseline 0.001 -15"><span class='ocrx_word' id='word_1_155' title='bbox 300 1475 521 1519; x_wconf 86' lang='lat' dir='ltr'><strong>modestia;</strong></span> <span class='ocrx_word' id='word_1_156' title='bbox 550 1476 658 1515; x_wconf 91' lang='lat' dir='ltr'><strong>unde</strong></span> <span class='ocrx_word' id='word_1_157' title='bbox 689 1477 817 1529; x_wconf 90' lang='lat' dir='ltr'><strong>ipsum</strong></span> <span class='ocrx_word' id='word_1_158' title='bbox 836 1490 957 1515; x_wconf 90' lang='lat' dir='ltr'><strong>unum</strong></span> <span class='ocrx_word' id='word_1_159' title='bbox 975 1477 1163 1523; x_wconf 89' lang='lat' dir='ltr'><strong>omnium,</strong></span> <span class='ocrx_word' id='word_1_160' title='bbox 1183 1477 1250 1528; x_wconf 89' lang='lat' dir='ltr'><strong>qui</strong></span> <span class='ocrx_word' id='word_1_161' title='bbox 1281 1477 1320 1514; x_wconf 89' lang='lat' dir='ltr'><strong>in</strong></span> <span class='ocrx_word' id='word_1_162' title='bbox 1355 1477 1559 1515; x_wconf 90' lang='lat' dir='ltr'><strong>Horatium</strong></span> <span class='ocrx_word' id='word_1_163' title='bbox 1582 1477 1752 1529; x_wconf 87' lang='lat' dir='ltr'><strong>scripse-</strong></span> 
     </span>
     <span class='ocr_line' id='line_1_21' title="bbox 300 1539 1753 1593; baseline 0 -15"><span class='ocrx_word' id='word_1_164' title='bbox 300 1546 405 1585; x_wconf 89' lang='lat' dir='ltr'><strong>runt,</strong></span> <span class='ocrx_word' id='word_1_165' title='bbox 425 1539 646 1578; x_wconf 87' lang='lat' dir='ltr'><strong>criticorum</strong></span> <span class='ocrx_word' id='word_1_166' title='bbox 674 1540 904 1592; x_wconf 86' lang='lat' dir='ltr'><strong>principem,</strong></span> <span class='ocrx_word' id='word_1_167' title='bbox 936 1541 1088 1592; x_wconf 90' lang='lat' dir='ltr'><strong>ipsique</strong></span> <span class='ocrx_word' id='word_1_168' title='bbox 1108 1541 1287 1579; x_wconf 87' lang='lat' dir='ltr'><strong>Bentleio</strong></span> <span class='ocrx_word' id='word_1_169' title='bbox 1325 1541 1634 1588; x_wconf 84' lang='lat' dir='ltr'><strong>anteferendum,</strong></span> <span class='ocrx_word' id='word_1_170' title='bbox 1663 1554 1753 1593; x_wconf 89' lang='lat' dir='ltr'><strong>pro-</strong></span> 
     </span>
     <span class='ocr_line' id='line_1_22' title="bbox 301 1603 905 1642; baseline 0.003 -2"><span class='ocrx_word' id='word_1_171' title='bbox 301 1603 483 1641; x_wconf 87' lang='lat' dir='ltr'><strong>nuntiare</strong></span> <span class='ocrx_word' id='word_1_172' title='bbox 501 1603 610 1641; x_wconf 89' lang='lat' dir='ltr'><strong>haud</strong></span> <span class='ocrx_word' id='word_1_173' title='bbox 625 1604 780 1642; x_wconf 87' lang='lat' dir='ltr'><strong>dubitat</strong></span> <span class='ocrx_word' id='word_1_174' title='bbox 798 1605 905 1642; x_wconf 87' lang='lat' dir='ltr'><strong>Jani.</strong></span> 
     </span>
    </p>

    <p class='ocr_par' dir='ltr' id='par_1_6' title="bbox 301 1667 1758 1972">
     <span class='ocr_line' id='line_1_23' title="bbox 357 1667 1756 1718; baseline 0.001 -14"><span class='ocrx_word' id='word_1_175' title='bbox 357 1690 411 1695; x_wconf 90' lang='lat'><strong>-—</strong></span> <span class='ocrx_word' id='word_1_176' title='bbox 440 1667 693 1718; x_wconf 86' lang='lat' dir='ltr'><strong>Cuningamii</strong></span> <span class='ocrx_word' id='word_1_177' title='bbox 715 1681 766 1705; x_wconf 92' lang='lat'><strong>11.</strong></span> <span class='ocrx_word' id='word_1_178' title='bbox 801 1667 1006 1714; x_wconf 55' lang='lat' dir='ltr'><strong>potionata,</strong></span> <span class='ocrx_word' id='word_1_179' title='bbox 1041 1681 1131 1707; x_wconf 91' lang='lat' dir='ltr'><strong>cum</strong></span> <span class='ocrx_word' id='word_1_180' title='bbox 1169 1668 1508 1707; x_wconf 89' lang='lat' dir='ltr'><strong>observationibus</strong></span> <span class='ocrx_word' id='word_1_181' title='bbox 1540 1668 1685 1707; x_wconf 86' lang='lat' dir='ltr'><strong>criticis</strong></span> <span class='ocrx_word' id='word_1_182' title='bbox 1715 1676 1756 1707; x_wconf 92' lang='lat' dir='ltr'><strong>et</strong></span> 
     </span>
     <span class='ocr_line' id='line_1_24' title="bbox 301 1730 1758 1782; baseline 0.001 -13"><span class='ocrx_word' id='word_1_183' title='bbox 301 1730 544 1769; x_wconf 88' lang='lat' dir='ltr'><strong>variantibus</strong></span> <span class='ocrx_word' id='word_1_184' title='bbox 577 1731 811 1770; x_wconf 90' lang='lat' dir='ltr'><strong>lectionibus</strong></span> <span class='ocrx_word' id='word_1_185' title='bbox 851 1731 963 1768; x_wconf 86' lang='lat' dir='ltr'><strong>Alex.</strong></span> <span class='ocrx_word' id='word_1_186' title='bbox 984 1731 1247 1782; x_wconf 87' lang='lat' dir='ltr'><strong>Cuningamii,</strong></span> <span class='ocrx_word' id='word_1_187' title='bbox 1283 1744 1364 1770; x_wconf 87' lang='lat' dir='ltr'><strong>una</strong></span> <span class='ocrx_word' id='word_1_188' title='bbox 1396 1745 1484 1770; x_wconf 89' lang='lat' dir='ltr'><strong>cum</strong></span> <span class='ocrx_word' id='word_1_189' title='bbox 1514 1731 1758 1771; x_wconf 86' lang='lat' dir='ltr'><strong>animadver-</strong></span> 
     </span>
     <span class='ocr_line' id='line_1_25' title="bbox 304 1794 1756 1846; baseline 0 -13"><span class='ocrx_word' id='word_1_190' title='bbox 304 1794 483 1833; x_wconf 88' lang='lat' dir='ltr'><strong>sionibus</strong></span> <span class='ocrx_word' id='word_1_191' title='bbox 506 1794 634 1846; x_wconf 88' lang='lat' dir='ltr'><strong>ejusd.</strong></span> <span class='ocrx_word' id='word_1_192' title='bbox 656 1795 694 1832; x_wconf 90' lang='lat' dir='ltr'><strong>in</strong></span> <span class='ocrx_word' id='word_1_193' title='bbox 729 1795 845 1833; x_wconf 89' lang='lat' dir='ltr'><strong>Rich.</strong></span> <span class='ocrx_word' id='word_1_194' title='bbox 867 1794 1037 1833; x_wconf 86' lang='lat' dir='ltr'><strong>Bentleii</strong></span> <span class='ocrx_word' id='word_1_195' title='bbox 1056 1802 1171 1833; x_wconf 87' lang='lat' dir='ltr'><strong>notas</strong></span> <span class='ocrx_word' id='word_1_196' title='bbox 1202 1802 1243 1833; x_wconf 89' lang='lat' dir='ltr'><strong>et</strong></span> <span class='ocrx_word' id='word_1_197' title='bbox 1274 1795 1570 1834; x_wconf 86' lang='lat' dir='ltr'><strong>emendationes</strong></span> <span class='ocrx_word' id='word_1_198' title='bbox 1592 1794 1644 1833; x_wconf 89' lang='lat' dir='ltr'><strong>ad</strong></span> <span class='ocrx_word' id='word_1_199' title='bbox 1675 1795 1756 1835; x_wconf 87' lang='lat' dir='ltr'><strong>Ho-</strong></span> 
     </span>
     <span class='ocr_line' id='line_1_26' title="bbox 304 1858 1757 1909; baseline 0.001 -13"><span class='ocrx_word' id='word_1_200' title='bbox 304 1859 459 1897; x_wconf 88' lang='lat' dir='ltr'><strong>ratium.</strong></span> <span class='ocrx_word' id='word_1_201' title='bbox 494 1858 659 1896; x_wconf 90' lang='lat' dir='ltr'><strong>Londin.</strong></span> <span class='ocrx_word' id='word_1_202' title='bbox 693 1859 797 1909; x_wconf 86' lang='lat' dir='ltr'><strong>apud</strong></span> <span class='ocrx_word' id='word_1_203' title='bbox 830 1859 1006 1897; x_wconf 89' lang='lat' dir='ltr'><strong>Vaillant</strong></span> <span class='ocrx_word' id='word_1_204' title='bbox 1036 1867 1075 1897; x_wconf 92' lang='lat' dir='ltr'><strong>et</strong></span> <span class='ocrx_word' id='word_1_205' title='bbox 1093 1859 1272 1898; x_wconf 90' lang='lat' dir='ltr'><strong>Prevost.</strong></span> <span class='ocrx_word' id='word_1_206' title='bbox 1295 1861 1334 1898; x_wconf 91' lang='lat'><strong>8.</strong></span> <span class='ocrx_word' id='word_1_207' title='bbox 1382 1860 1426 1897; x_wconf 94' lang='lat' dir='ltr'><strong>In</strong></span> <span class='ocrx_word' id='word_1_208' title='bbox 1457 1859 1534 1898; x_wconf 86' lang='lat' dir='ltr'><strong>hac</strong></span> <span class='ocrx_word' id='word_1_209' title='bbox 1552 1859 1616 1899; x_wconf 86' lang='lat' dir='ltr'><strong>ed.</strong></span> <span class='ocrx_word' id='word_1_210' title='bbox 1649 1860 1757 1898; x_wconf 82' lang='lat' dir='ltr'><strong>obss.</strong></span> 
     </span>
     <span class='ocr_line' id='line_1_27' title="bbox 308 1921 1032 1972; baseline 0 -13"><span class='ocrx_word' id='word_1_211' title='bbox 308 1922 454 1960; x_wconf 79' lang='lat' dir='ltr'><strong>criticae</strong></span> <span class='ocrx_word' id='word_1_212' title='bbox 472 1922 595 1959; x_wconf 85' lang='lat' dir='ltr'><strong>textui</strong></span> <span class='ocrx_word' id='word_1_213' title='bbox 612 1923 802 1972; x_wconf 83' lang='lat' dir='ltr'><strong>subjectae</strong></span> <span class='ocrx_word' id='word_1_214' title='bbox 825 1921 1032 1959; x_wconf 63' lang='lat' dir='ltr'><strong>accedant.</strong></span> 
     </span>
    </p>

    <p class='ocr_par' dir='ltr' id='par_1_7' title="bbox 361 1984 1249 2022">
     <span class='ocr_line' id='line_1_28' title="bbox 361 1984 1249 2022; baseline 0.001 -1"><span class='ocrx_word' id='word_1_215' title='bbox 361 2007 415 2012; x_wconf 93' lang='lat'>—</span> <span class='ocrx_word' id='word_1_216' title='bbox 442 1996 530 2021; x_wconf 91' lang='lat' dir='ltr'><strong>cum</strong></span> <span class='ocrx_word' id='word_1_217' title='bbox 551 1985 655 2022; x_wconf 88' lang='lat' dir='ltr'><strong>notis</strong></span> <span class='ocrx_word' id='word_1_218' title='bbox 675 1984 868 2022; x_wconf 85' lang='lat' dir='ltr'><strong>Juveucii.</strong></span> <span class='ocrx_word' id='word_1_219' title='bbox 890 1986 914 2021; x_wconf 83' lang='lat'>2</span> <span class='ocrx_word' id='word_1_220' title='bbox 934 1985 1041 2022; x_wconf 89' lang='lat' dir='ltr'><strong>tomi.</strong></span> <span class='ocrx_word' id='word_1_221' title='bbox 1063 1984 1188 2022; x_wconf 89' lang='lat' dir='ltr'><strong>Paris.</strong></span> <span class='ocrx_word' id='word_1_222' title='bbox 1211 1988 1249 2022; x_wconf 90' lang='lat'><strong>8.</strong></span> 
     </span>
    </p>

    <p class='ocr_par' dir='ltr' id='par_1_8' title="bbox 309 2046 1758 2162">
     <span class='ocr_line' id='line_1_29' title="bbox 359 2046 1758 2099; baseline 0.003 -16"><span class='ocrx_word' id='word_1_223' title='bbox 359 2069 414 2075; x_wconf 89' lang='lat'><strong>—-</strong></span> <span class='ocrx_word' id='word_1_224' title='bbox 442 2046 587 2096; x_wconf 88' lang='lat' dir='ltr'><strong>Opera,</strong></span> <span class='ocrx_word' id='word_1_225' title='bbox 607 2047 744 2084; x_wconf 89' lang='lat' dir='ltr'><strong>aeced.</strong></span> <span class='ocrx_word' id='word_1_226' title='bbox 766 2047 889 2085; x_wconf 87' lang='lat' dir='ltr'><strong>Index</strong></span> <span class='ocrx_word' id='word_1_227' title='bbox 907 2047 1138 2086; x_wconf 89' lang='lat' dir='ltr'><strong>variantium</strong></span> <span class='ocrx_word' id='word_1_228' title='bbox 1152 2048 1380 2086; x_wconf 91' lang='lat' dir='ltr'><strong>Lectionum</strong></span> <span class='ocrx_word' id='word_1_229' title='bbox 1397 2048 1620 2099; x_wconf 84' lang='lat' dir='ltr'><strong>insignioris</strong></span> <span class='ocrx_word' id='word_1_230' title='bbox 1638 2055 1758 2095; x_wconf 80' lang='lat' dir='ltr'><strong>notae,</strong></span> 
     </span>
     <span class='ocr_line' id='line_1_30' title="bbox 309 2110 1570 2162; baseline 0.001 -13"><span class='ocrx_word' id='word_1_231' title='bbox 309 2123 398 2162; x_wconf 88' lang='lat' dir='ltr'><strong>quae</strong></span> <span class='ocrx_word' id='word_1_232' title='bbox 412 2110 559 2162; x_wconf 89' lang='lat' dir='ltr'><strong>passim</strong></span> <span class='ocrx_word' id='word_1_233' title='bbox 579 2110 618 2147; x_wconf 89' lang='lat' dir='ltr'><strong>in</strong></span> <span class='ocrx_word' id='word_1_234' title='bbox 641 2111 742 2148; x_wconf 86' lang='lat' dir='ltr'><strong>Mss.</strong></span> <span class='ocrx_word' id='word_1_235' title='bbox 763 2116 987 2148; x_wconf 87' lang='lat' dir='ltr'><strong>occurrunt.</strong></span> <span class='ocrx_word' id='word_1_236' title='bbox 1011 2110 1189 2157; x_wconf 88' lang='lat' dir='ltr'><strong>Dublini,</strong></span> <span class='ocrx_word' id='word_1_237' title='bbox 1212 2125 1280 2162; x_wconf 85' lang='lat' dir='ltr'><strong>per</strong></span> <span class='ocrx_word' id='word_1_238' title='bbox 1301 2111 1483 2150; x_wconf 68' lang='lat' dir='ltr'><strong>Grieson.</strong></span> <span class='ocrx_word' id='word_1_239' title='bbox 1508 2114 1570 2150; x_wconf 90' lang='grc'><strong>12.</strong></span> 
     </span>
    </p>

    <p class='ocr_par' dir='ltr' id='par_1_9' title="bbox 363 2174 1544 2225">
     <span class='ocr_line' id='line_1_31' title="bbox 363 2174 1544 2225; baseline 0.003 -14"><span class='ocrx_word' id='word_1_240' title='bbox 363 2198 417 2203; x_wconf 92' lang='lat'><strong>—-</strong></span> <span class='ocrx_word' id='word_1_241' title='bbox 446 2175 491 2212; x_wconf 90' lang='lat' dir='ltr'><strong>In</strong></span> <span class='ocrx_word' id='word_1_242' title='bbox 511 2187 618 2225; x_wconf 89' lang='lat' dir='ltr'><strong>corp.</strong></span> <span class='ocrx_word' id='word_1_243' title='bbox 635 2175 757 2225; x_wconf 68' lang='lat' dir='ltr'><strong>poett.</strong></span> <span class='ocrx_word' id='word_1_244' title='bbox 775 2174 901 2212; x_wconf 87' lang='lat' dir='ltr'><strong>Latin.</strong></span> <span class='ocrx_word' id='word_1_245' title='bbox 923 2187 985 2224; x_wconf 87' lang='lat' dir='ltr'><strong>ap.</strong></span> <span class='ocrx_word' id='word_1_246' title='bbox 1009 2175 1060 2212; x_wconf 91' lang='lat' dir='ltr'><strong>Is.</strong></span> <span class='ocrx_word' id='word_1_247' title='bbox 1081 2174 1270 2213; x_wconf 84' lang='lat' dir='ltr'><strong>Vaillant.</strong></span> <span class='ocrx_word' id='word_1_248' title='bbox 1292 2175 1456 2214; x_wconf 90' lang='lat' dir='ltr'><strong>Londin.</strong></span> <span class='ocrx_word' id='word_1_249' title='bbox 1475 2175 1544 2214; x_wconf 87' lang='lat' dir='ltr'><strong>fol.</strong></span> 
     </span>
    </p>

    <p class='ocr_par' dir='ltr' id='par_1_10' title="bbox 312 2237 1761 2482">
     <span class='ocr_line' id='line_1_32' title="bbox 367 2237 1759 2288; baseline 0.001 -12"><span class='ocrx_word' id='word_1_250' title='bbox 367 2240 470 2276; x_wconf 86' lang='grc'><strong>1723</strong></span> <span class='ocrx_word' id='word_1_251' title='bbox 499 2238 579 2276; x_wconf 87' lang='lat' dir='ltr'><strong>Jer.</strong></span> <span class='ocrx_word' id='word_1_252' title='bbox 601 2237 848 2276; x_wconf 87' lang='lat' dir='ltr'><strong>Marcklandi</strong></span> <span class='ocrx_word' id='word_1_253' title='bbox 870 2238 1048 2288; x_wconf 85' lang='lat' dir='ltr'><strong>Epistola</strong></span> <span class='ocrx_word' id='word_1_254' title='bbox 1068 2238 1204 2277; x_wconf 88' lang='lat' dir='ltr'><strong>critica</strong></span> <span class='ocrx_word' id='word_1_255' title='bbox 1219 2238 1269 2277; x_wconf 90' lang='lat' dir='ltr'><strong>ad</strong></span> <span class='ocrx_word' id='word_1_256' title='bbox 1290 2239 1595 2278; x_wconf 87' lang='lat' dir='ltr'><strong>eruditissimum</strong></span> <span class='ocrx_word' id='word_1_257' title='bbox 1617 2239 1759 2285; x_wconf 87' lang='lat' dir='ltr'><strong>virum,</strong></span> 
     </span>
     <span class='ocr_line' id='line_1_33' title="bbox 313 2301 1758 2354; baseline 0 -13"><span class='ocrx_word' id='word_1_258' title='bbox 313 2302 566 2341; x_wconf 83' lang='lat' dir='ltr'><strong>Franciseum</strong></span> <span class='ocrx_word' id='word_1_259' title='bbox 584 2301 703 2346; x_wconf 89' lang='lat' dir='ltr'><strong>Hare,</strong></span> <span class='ocrx_word' id='word_1_260' title='bbox 722 2302 760 2339; x_wconf 91' lang='lat' dir='ltr'><strong>in</strong></span> <span class='ocrx_word' id='word_1_261' title='bbox 782 2315 860 2353; x_wconf 93' lang='lat' dir='ltr'><strong>qua</strong></span> <span class='ocrx_word' id='word_1_262' title='bbox 882 2302 1035 2340; x_wconf 84' lang='lat' dir='ltr'><strong>Horatii</strong></span> <span class='ocrx_word' id='word_1_263' title='bbox 1067 2302 1156 2341; x_wconf 87' lang='lat' dir='ltr'><strong>loca</strong></span> <span class='ocrx_word' id='word_1_264' title='bbox 1175 2303 1324 2354; x_wconf 88' lang='lat' dir='ltr'><strong>aliquot</strong></span> <span class='ocrx_word' id='word_1_265' title='bbox 1342 2309 1383 2341; x_wconf 92' lang='lat' dir='ltr'><strong>et</strong></span> <span class='ocrx_word' id='word_1_266' title='bbox 1401 2302 1564 2341; x_wconf 87' lang='lat' dir='ltr'><strong>aliorum</strong></span> <span class='ocrx_word' id='word_1_267' title='bbox 1585 2311 1758 2342; x_wconf 85' lang='lat' dir='ltr'><strong>veterum</strong></span> 
     </span>
     <span class='ocr_line' id='line_1_34' title="bbox 313 2365 1761 2418; baseline 0 -14"><span class='ocrx_word' id='word_1_268' title='bbox 313 2365 584 2405; x_wconf 82' lang='lat' dir='ltr'><strong>emendantur.</strong></span> <span class='ocrx_word' id='word_1_269' title='bbox 624 2366 743 2418; x_wconf 89' lang='lat' dir='ltr'><strong>Typis</strong></span> <span class='ocrx_word' id='word_1_270' title='bbox 778 2365 1040 2405; x_wconf 88' lang='lat' dir='ltr'><strong>Academicis.</strong></span> <span class='ocrx_word' id='word_1_271' title='bbox 1075 2367 1267 2405; x_wconf 81' lang='lat' dir='ltr'><strong>Cantabr.</strong></span> <span class='ocrx_word' id='word_1_272' title='bbox 1289 2367 1512 2405; x_wconf 87' lang='lat' dir='ltr'><strong>4.—-Labor</strong></span> <span class='ocrx_word' id='word_1_273' title='bbox 1540 2367 1656 2418; x_wconf 87' lang='lat' dir='ltr'><strong>hujus</strong></span> <span class='ocrx_word' id='word_1_274' title='bbox 1690 2367 1761 2405; x_wconf 87' lang='lat' dir='ltr'><strong>viri</strong></span> 
     </span>
     <span class='ocr_line' id='line_1_35' title="bbox 312 2419 1623 2482; baseline -0.001 -13"><span class='ocrx_word' id='word_1_275' title='bbox 312 2431 450 2469; x_wconf 88' lang='lat' dir='ltr'><strong>merito</strong></span> <span class='ocrx_word' id='word_1_276' title='bbox 468 2419 664 2468; x_wconf 66' lang='lat' dir='ltr'><strong>lauda‘tur.</strong></span> <span class='ocrx_word' id='word_1_277' title='bbox 685 2429 775 2469; x_wconf 76' lang='lat' dir='ltr'><strong>vid.</strong></span> <span class='ocrx_word' id='word_1_278' title='bbox 798 2430 885 2469; x_wconf 87' lang='lat' dir='ltr'><strong>Act.</strong></span> <span class='ocrx_word' id='word_1_279' title='bbox 908 2430 1020 2468; x_wconf 91' lang='lat' dir='ltr'><strong>erud.</strong></span> <span class='ocrx_word' id='word_1_280' title='bbox 1042 2431 1147 2481; x_wconf 85' lang='lat' dir='ltr'><strong>Lips.</strong></span> <span class='ocrx_word' id='word_1_281' title='bbox 1169 2430 1217 2468; x_wconf 90' lang='lat' dir='ltr'><strong>dc</strong></span> <span class='ocrx_word' id='word_1_282' title='bbox 1238 2444 1303 2470; x_wconf 75' lang='lat' dir='ltr'><strong>an.</strong></span> <span class='ocrx_word' id='word_1_283' title='bbox 1328 2431 1448 2470; x_wconf 88' lang='grc'><strong>1726.</strong></span> <span class='ocrx_word' id='word_1_284' title='bbox 1469 2444 1508 2482; x_wconf 88' lang='lat' dir='ltr'><strong>p.</strong></span> <span class='ocrx_word' id='word_1_285' title='bbox 1529 2432 1623 2469; x_wconf 90' lang='grc'>458.</span> 
     </span>
    </p>

    <p class='ocr_par' dir='ltr' id='par_1_11' title="bbox 366 2493 1341 2546">
     <span class='ocr_line' id='line_1_36' title="bbox 366 2493 1341 2546; baseline -0.001 -13"><span class='ocrx_word' id='word_1_286' title='bbox 366 2518 419 2524; x_wconf 92' lang='lat'><strong>—-</strong></span> <span class='ocrx_word' id='word_1_287' title='bbox 447 2507 536 2533; x_wconf 90' lang='lat' dir='ltr'><strong>cum</strong></span> <span class='ocrx_word' id='word_1_288' title='bbox 556 2493 659 2531; x_wconf 89' lang='lat' dir='ltr'><strong>notis</strong></span> <span class='ocrx_word' id='word_1_289' title='bbox 679 2494 865 2532; x_wconf 86' lang='lat' dir='ltr'><strong>Junckeri</strong></span> <span class='ocrx_word' id='word_1_290' title='bbox 885 2501 925 2532; x_wconf 92' lang='lat' dir='ltr'><strong>et</strong></span> <span class='ocrx_word' id='word_1_291' title='bbox 944 2494 1123 2533; x_wconf 91' lang='lat' dir='ltr'><strong>Minellii.</strong></span> <span class='ocrx_word' id='word_1_292' title='bbox 1147 2495 1253 2546; x_wconf 88' lang='lat' dir='ltr'><strong>Lips.</strong></span> <span class='ocrx_word' id='word_1_293' title='bbox 1280 2497 1341 2533; x_wconf 89' lang='grc'><strong>12.</strong></span> 
     </span>
    </p>

    <p class='ocr_par' dir='ltr' id='par_1_12' title="bbox 315 2557 1762 2800">
     <span class='ocr_line' id='line_1_37' title="bbox 371 2557 1762 2610; baseline 0 -14"><span class='ocrx_word' id='word_1_294' title='bbox 371 2560 475 2597; x_wconf 88' lang='grc'><strong>1724</strong></span> <span class='ocrx_word' id='word_1_295' title='bbox 505 2559 555 2603; x_wconf 87' lang='lat' dir='ltr'><strong>Q.</strong></span> <span class='ocrx_word' id='word_1_296' title='bbox 578 2558 730 2596; x_wconf 89' lang='lat' dir='ltr'><strong>Horatii</strong></span> <span class='ocrx_word' id='word_1_297' title='bbox 766 2557 895 2597; x_wconf 86' lang='lat' dir='ltr'><strong>Flacci</strong></span> <span class='ocrx_word' id='word_1_298' title='bbox 926 2558 1126 2605; x_wconf 63' lang='lat' dir='ltr'><strong>poemata,</strong></span> <span class='ocrx_word' id='word_1_299' title='bbox 1159 2558 1228 2597; x_wconf 90' lang='lat' dir='ltr'><strong>mit</strong></span> <span class='ocrx_word' id='word_1_300' title='bbox 1248 2558 1417 2605; x_wconf 86' lang='lat' dir='ltr'><strong>Heinsii,</strong></span> <span class='ocrx_word' id='word_1_301' title='bbox 1450 2557 1652 2610; x_wconf 86' lang='lat' dir='ltr'><strong>Rappolti,</strong></span> <span class='ocrx_word' id='word_1_302' title='bbox 1680 2558 1762 2596; x_wconf 88' lang='lat' dir='ltr'><strong>Da-</strong></span> 
     </span>
     <span class='ocr_line' id='line_1_38' title="bbox 315 2621 1756 2669; baseline 0 -11"><span class='ocrx_word' id='word_1_303' title='bbox 315 2622 432 2668; x_wconf 84' lang='lat' dir='ltr'><strong>cierii,</strong></span> <span class='ocrx_word' id='word_1_304' title='bbox 473 2622 679 2668; x_wconf 66' lang='lat' dir='ltr'><strong>Massonfi,</strong></span> <span class='ocrx_word' id='word_1_305' title='bbox 716 2622 931 2669; x_wconf 87' lang='lat' dir='ltr'><strong>Tarteroni‚</strong></span> <span class='ocrx_word' id='word_1_306' title='bbox 981 2622 1027 2660; x_wconf 89' lang='lat' dir='ltr'><strong>P.</strong></span> <span class='ocrx_word' id='word_1_307' title='bbox 1067 2622 1189 2661; x_wconf 88' lang='lat' dir='ltr'><strong>Coste</strong></span> <span class='ocrx_word' id='word_1_308' title='bbox 1223 2623 1511 2669; x_wconf 82' lang='lat' dir='ltr'><strong>auserlesenen,</strong></span> <span class='ocrx_word' id='word_1_309' title='bbox 1549 2622 1618 2667; x_wconf 83' lang='lat' dir='ltr'><strong>wie</strong></span> <span class='ocrx_word' id='word_1_310' title='bbox 1657 2621 1756 2659; x_wconf 89' lang='lat' dir='ltr'><strong>auch</strong></span> 
     </span>
     <span class='ocr_line' id='line_1_39' title="bbox 316 2685 1758 2738; baseline -0.001 -15"><span class='ocrx_word' id='word_1_311' title='bbox 316 2685 449 2723; x_wconf 88' lang='lat' dir='ltr'><strong>seinen</strong></span> <span class='ocrx_word' id='word_1_312' title='bbox 470 2686 634 2735; x_wconf 88' lang='lat' dir='ltr'><strong>eigenen</strong></span> <span class='ocrx_word' id='word_1_313' title='bbox 657 2685 1006 2738; x_wconf 87' lang='lat' dir='ltr'><strong>Philosophischen</strong></span> <span class='ocrx_word' id='word_1_314' title='bbox 1029 2686 1110 2724; x_wconf 87' lang='lat' dir='ltr'><strong>und</strong></span> <span class='ocrx_word' id='word_1_315' title='bbox 1135 2686 1406 2725; x_wconf 80' lang='lat' dir='ltr'><strong>Histoi-iscben</strong></span> <span class='ocrx_word' id='word_1_316' title='bbox 1440 2685 1758 2735; x_wconf 84' lang='lat' dir='ltr'><strong>Anmerkungen,</strong></span> 
     </span>
     <span class='ocr_line' id='line_1_40' title="bbox 316 2747 1069 2800; baseline 0.001 -12"><span class='ocrx_word' id='word_1_317' title='bbox 316 2753 394 2788; x_wconf 80' lang='lat' dir='ltr'><strong>&#39;von</strong></span> <span class='ocrx_word' id='word_1_318' title='bbox 415 2747 567 2798; x_wconf 77' lang='lat' dir='ltr'><strong>Caspai·</strong></span> <span class='ocrx_word' id='word_1_319' title='bbox 587 2749 858 2800; x_wconf 84' lang='lat' dir='ltr'><strong>Gottschling.</strong></span> <span class='ocrx_word' id='word_1_320' title='bbox 879 2750 1011 2798; x_wconf 88' lang='lat' dir='ltr'><strong>Halle,</strong></span> <span class='ocrx_word' id='word_1_321' title='bbox 1031 2752 1069 2789; x_wconf 94' lang='lat'><strong>8.</strong></span> 
     </span>
    </p>

    <p class='ocr_par' dir='ltr' id='par_1_13' title="bbox 311 2809 1762 2866">
     <span class='ocr_line' id='line_1_41' title="bbox 311 2809 1762 2866; baseline -0.003 -16"><span class='ocrx_word' id='word_1_322' title='bbox 311 2833 316 2837; x_wconf 91' lang='lat'><strong>·</strong></span> <span class='ocrx_word' id='word_1_323' title='bbox 375 2813 478 2850; x_wconf 81' lang='grc'><strong>1725</strong></span> <span class='ocrx_word' id='word_1_324' title='bbox 507 2811 682 2862; x_wconf 68' lang='lat' dir='ltr'><strong>Ecloga‘,</strong></span> <span class='ocrx_word' id='word_1_325' title='bbox 699 2826 786 2851; x_wconf 83' lang='lat' dir='ltr'><strong>cum</strong></span> <span class='ocrx_word' id='word_1_326' title='bbox 803 2814 959 2852; x_wconf 84' lang='lat' dir='ltr'><strong>scholiis</strong></span> <span class='ocrx_word' id='word_1_327' title='bbox 979 2815 1175 2866; x_wconf 83' lang='lat' dir='ltr'><strong>perpetuis</strong></span> <span class='ocrx_word' id='word_1_328' title='bbox 1197 2821 1275 2853; x_wconf 83' lang='lat' dir='ltr'><strong>tam</strong></span> <span class='ocrx_word' id='word_1_329' title='bbox 1289 2813 1482 2853; x_wconf 83' lang='lat' dir='ltr'><strong>veteribus</strong></span> <span class='ocrx_word' id='word_1_330' title='bbox 1502 2824 1617 2862; x_wconf 82' lang='lat' dir='ltr'><strong>quam</strong></span> <span class='ocrx_word' id='word_1_331' title='bbox 1636 2809 1762 2857; x_wconf 77' lang='lat' dir='ltr'><strong>novis,</strong></span> 
     </span>
    </p>
   </div>
  </div>
 </body>
</html>
