1858 3184
626 280 671 317 Q.
686 279 909 310 nom-1¹11
942 278 1135 309 unacci.
1486 270 1601 312 2019

222 380 291 421 De
305 378 464 420 Mettis
484 377 744 419 Horatianis
756 376 915 424 addas,
932 378 946 398 ‘
959 375 1030 415 De
1046 373 1217 422 Meuia,
1231 373 1396 426 quibus
1409 387 1516 415 usus
1530 384 1598 418 est

164 445 380 487 Horatius
406 441 624 499 Lyricus,'
659 442 707 483 in
737 441 923 482 Roberti
954 439 1235 492 wyttyntoni
1263 438 1600 482 Lichfeldiensis

161 511 363 552 secunda
392 509 703 552 Grammaticus·
732 511 872 561 parte,
898 509 978 548 Suc.
1010 505 1155 546 Lond.
1186 517 1264 558 per
1287 504 1599 558 wynandrum

159 578 217 619 de
234 577 419 626 Worde,
437 577 565 618 1515.
583 575 710 616 1524.
754 572 861 615 Vid.
890 573 1097 614 Herberti
1116 572 1313 625 Typogr.
1332 570 1487 626 Antiq.
1505 574 1597 615 vol.

158 654 194 685 1.
213 657 260 697 p.
281 642 483 685 151-166.
499 647 548 683 et
566 637 758 682 Palmeri
776 638 901 680 Hist.
918 637 1205 692 Typograph.
1225 651 1269 691 p.
1286 637 1599 681 348.——Metra

156 710 291 751 ctiam
314 708 583 758 Hor-fiam,
609 719 639 748 a
667 705 918 759 christoph.
936 704 1091 754 Ware,
1117 699 1253 745 Iaond.
1273 704 1402 746 1690.
1421 705 1525 747 8vo.
1553 714 1598 749 et

156 775 215 816 de
242 769 411 817 Hatris
437 773 695 814 Horatianis
725 773 773 812 in
807 771 960 820 Libro,
994 771 1068 812 cui
1097 771 1164 811 tit.
1196 770 1331 811 Latin
1361 771 1547 822 Primer,
1569 787 1599 815 a

155 840 352 883 Bicnfflo
366 837 781 894 Lync—liemarks
792 850 851 878 on
869 837 944 879 the
964 837 1095 878 Latin
1112 835 1272 878 Alcaic
1288 837 1376 878 and
1397 838 1595 892 Sapphic

153 905 316 957 Mauo,
330 918 384 949 as
402 905 628 947 exhibited
649 905 694 945 in
715 898 792 946 {ie
810 903 937 945 Odes
964 903 1018 945 of
1032 903 1231 952 Horace,
1251 904 1392 945 Lond-
1410 905 1596 946 1824.—

150 970 319 1014 §keten
335 972 390 1014 of
399 972 472 1014 the
492 972 706 1014 Scansion
727 970 815 1012 and
833 971 1059 1012 Structure
1078 970 1131 1011 of
1155 970 1227 1011 the
1247 969 1410 1012 Alcaic
1430 972 1595 1013 Stanza

151 1039 197 1079 in
227 1038 436 1090 Horace;
465 1040 509 1080 in
541 1038 762 1080 Classical
782 1037 986 1086 Journal,
1018 1038 1106 1079 vol.
1137 1048 1213 1078 xl.
1243 1051 1288 1091 p.
1306 1037 1407 1079 351.
1426 1051 1453 1078 a
1474 1036 1523 1080 J.
1548 1037 1595 1079 T.

152 1102 346 1152 (Iacobo
373 1105 503 1148 Tate.
539 1104 943 1154 Richmondiensi,)
964 1105 1059 1145 viro
1082 1104 1359 1153 doctissimo,
1379 1110 1422 1145 et
1443 1105 1595 1147 harum

154 1181 298 1210 rernm
315 1172 598 1224 peritissimo.

211 1235 285 1276 De
324 1237 585 1290 quibusdam
621 1236 725 1278 aliis
760 1236 956 1289 scriptis,
996 1235 1275 1289 Germanicis
1307 1239 1353 1276 et
1384 1236 1597 1288 Belgicis,

154 1313 260 1355 qum
287 1303 506 1344 illustrant
533 1302 787 1351 Horatium,
816 1302 1056 1355 separatim
1087 1302 1146 1342 ab
1172 1302 1399 1355 operibus,
1424 1308 1471 1344 et
1493 1315 1595 1356 quae

149 1379 240 1409 non
265 1367 431 1409 habent
454 1369 600 1409 locum
629 1369 676 1408 in
701 1368 941 1420 Bipontina
971 1367 1162 1416 Notitia,
1195 1372 1243 1408 et
1267 1368 1312 1408 in
1335 1367 1406 1408 his
1434 1370 1596 1408 nostris

149 1433 463 1476 additamentis
499 1435 650 1476 locum
683 1447 773 1475 non
808 1434 1047 1483 inveniant,
1077 1433 1309 1475 commode
1337 1433 1597 1475 consulatur

151 1499 402 1551 Hadesius,
430 1501 477 1542 in
502 1501 797 1555 Supplement.
826 1499 885 1540 ad
913 1500 1046 1541 Brev.
1066 1499 1301 1551 Notitiam,
1321 1503 1401 1542 &c-
1431 1514 1476 1554 p.
1495 1501 1595 1542 199.

152 1570 198 1608 et
215 1567 437 1620 deinceps.

207 1633 452 1684 Hactenus,
474 1638 518 1675 et
542 1634 693 1675 forsan
719 1634 848 1683 satis,
875 1634 931 1674 de
962 1633 1142 1674 Horatii
1175 1633 1515 1674 admiratoribus
1549 1640 1594 1673 et

149 1701 477 1753 panegyristis:
527 1709 579 1741 at
614 1700 745 1740 simul
780 1699 972 1748 fuerunt,
1015 1700 1091 1752 qui
1134 1699 1320 1738 eundem
1354 1711 1443 1739 non
1478 1699 1594 1739 adeo

149 1765 291 1805 fnisse
325 1765 503 1818 poetam
529 1767 577 1806 in
608 1766 812 1806 omnibus
845 1754 1047 1818 partibus
1081 1764 1332 1805 absolutum
1368 1765 1594 1806 existima-

149 1834 265 1878 runt,
293 1836 345 1871 ut
374 1832 494 1873 nulla
530 1834 758 1872 vexaretur
791 1843 983 1872 censura.
1053 1830 1250 1870 Fuerunt
1289 1835 1408 1870 certe
1447 1831 1595 1872 Hora·
1670 1852 1674 1855 ·

152 1895 484 1950 tio-Mastyges,
503 1897 581 1951 qui
601 1897 839 1938 Horatium
858 1897 1006 1937 nimiae
1023 1908 1127 1947 erga
1147 1896 1363 1936 Romanae
1377 1896 1593 1938 libertatis

150 1960 393 2013 parricidas
411 1962 693 2011 adulationis,
713 1963 862 2003 nimiae
885 1963 932 2002 in
955 1962 1180 2002 amoribus
1197 1962 1397 2003 lasciviae
1417 1975 1593 2014 arguere

148 2027 292 2079 parati
311 2030 424 2068 sunt.
483 2028 606 2068 Hinc
623 2028 772 2068 forsan
790 2033 877 2075 est,
909 2028 1047 2081 quod,
1074 2040 1168 2081 prae
1188 2028 1344 2068 timore
1365 2027 1591 2080 Inquisiti-

148 2092 264 2141 onis,
287 2094 492 2146 quaedam
521 2099 671 2147 partes
700 2094 885 2135 Horatii
912 2107 1012 2135 raro
1033 2099 1113 2135 aut
1138 2107 1364 2148 nunquam
1390 2095 1450 2135 ab
1483 2095 1592 2136 His-

146 2158 319 2212 panicis
353 2160 485 2202 editae
524 2165 654 2212 sunt3
688 2165 735 2202 et
763 2161 867 2202 hinc
897 2161 1019 2214 apud
1050 2161 1163 2202 alias
1197 2167 1350 2213 gentes
1382 2167 1588 2204 castratae

142 2223 254 2285 illic,
270 2237 375 2278 quaa
389 2226 679 2280 appellantur,
689 2226 905 2268 editiones
919 2227 1116 2277 Horatii,
1136 2228 1194 2268 ob
1209 2229 1451 2269 maximam
1466 2230 1589 2270 illam

146 2292 432 2333 reverentiam
448 2305 550 2346 qnae
571 2294 721 2347 pueris
741 2294 937 2335 debetur.
995 2295 1053 2336 Et
1070 2294 1188 2347 apud
1205 2295 1420 2346 quosdam
1440 2308 1590 2336 recen-

146 2355 284 2397 tiores
295 2357 440 2398 valuit
452 2358 621 2410 opinio,
641 2360 761 2412 quod
775 2360 932 2401 melius
942 2361 1004 2401 sit
1022 2361 1152 2413 sequi
1166 2360 1384 2413 quosdam
1405 2361 1590 2402 Germa-

147 2421 288 2471 nicos,
318 2423 629 2475 imaginatione
658 2426 798 2477 magis
830 2426 1093 2475 discursiva,
1120 2432 1167 2466 et
1192 2426 1327 2466 etiam
1357 2425 1509 2478 Lopez
1532 2428 1588 2468 de

148 2484 275 2537 Vega
301 2486 539 2539 Hispanici
573 2489 924 2543 Extemporalia‚
946 2505 1077 2545 quam
1105 2492 1359 2539 Horatium,
1386 2493 1587 2534 studiose

147 2551 281 2592 nimis
299 2551 584 2595 elaboratum.
642 2555 786 2598 Multa
813 2564 1032 2611 praeterea
1052 2556 1417 2609 reprehenderunt
1440 2557 1472 2598 J
1474 2559 1585 2600 ulia·

146 2629 230 2657 nus
247 2616 405 2659 Caesar
421 2618 631 2672 Scaliger,
650 2621 866 2673 Permult,
893 2628 936 2664 et
962 2623 1174 2674 Anglicus
1202 2623 1385 2676 quidam
1410 2636 1583 2676 censor,

149 2688 201 2724 ut
221 2687 394 2726 notatur
412 2697 441 2726 a
461 2685 728 2739 Bipontinis,
752 2691 930 2743 quibus,
950 2703 1005 2730 ne
1035 2689 1165 2742 plura
1190 2689 1403 2740 dicamus,
1422 2690 1583 2732 addan-
