1858 3184
261 201 373 244 1840

260 303 366 337 Juvat
387 312 443 335 me
466 302 697 344 proferentem
718 303 814 335 dicta
829 313 849 335 a
864 303 954 335 nullo

261 363 304 386 ex
318 353 447 385 Latinis
463 357 542 385 ante
558 363 625 386 me.

301 407 343 436 34
355 403 521 444 Ingenuis]
534 403 716 435 Hominum
731 403 955 443 ingenuorum

259 455 365 487 oculis
379 454 460 495 legi.

300 508 340 537 35
369 504 459 536 Scire
482 502 575 543 velis]
598 500 852 542 Προκατάληψις,
876 511 953 534 cum

258 564 324 585 non
338 553 464 585 scribat
473 560 608 584 carmen
622 551 837 590 maledicum,
848 560 908 582 cur
921 552 954 581 in

260 603 398 643 publico
412 610 478 634 non
494 599 664 635 laudetur,
676 610 739 632 nec
756 600 871 641 populi
886 610 956 631 ma-

259 651 359 683 nibus
375 654 519 682 teratur.

299 703 343 732 36
360 701 487 732 Premat
500 703 604 739 extra,
625 698 697 740 δῖα]
721 698 792 731 Cur
808 697 891 730 foris
908 699 956 730 vi-

260 754 414 792 tuperet.

303 802 345 831 3⁷
369 799 444 830 Non
455 798 528 839 ego]
543 800 591 831 Ut
606 799 718 830 solent
731 797 859 830 indocti
868 798 955 830 Poe-

261 854 319 882 tae.
348 849 483 882 Ventoso
497 849 608 890 plebis]
629 848 746 879 Plebis
770 847 905 879 mobilis
920 852 957 879 et

259 899 497 931 inconstanti&
532 898 701 940 Suffragia
714 896 823 936 venor]
847 897 958 936 Salse,

259 954 300 980 ut
325 949 423 984 solet,
449 948 564 979 saeculi
579 948 630 978 sui
644 947 807 978 ambitum
824 947 956 988 carpit;

261 998 318 1039 qni
335 998 408 1029 sine
422 997 620 1030 muneribus
637 1006 704 1028 non
722 995 830 1036 magis
847 995 955 1036 publi-

260 1056 334 1079 cam
366 1046 485 1078 Poetae
521 1046 656 1077 laudem
695 1045 787 1086 apud
822 1045 956 1085 plebem

259 1105 399 1135 sperare
411 1095 640 1136 possit,quam
650 1093 825 1125 candidati
836 1094 956 1135 magis-

262 1150 401 1176 tratum.
428 1145 573 1176 Tou-rent.

302 1198 344 1227 39
359 1195 497 1227 Auditor
507 1197 537 1226 et
549 1193 649 1234 ultor]
662 1195 760 1225 Actor
772 1193 859 1234 legit
869 1193 957 1225 Can·

261 1249 353 1276 terus
368 1245 457 1277 Nov.
474 1245 570 1275 Lect.
585 1253 635 1275 ιν.
646 1246 698 1275 12.
713 1248 748 1274 et
763 1243 897 1284 quidem
915 1252 957 1273 ex

261 1294 340 1326 cod.
355 1303 436 1325 uno.
448 1294 654 1325 Mss.nostri
671 1302 787 1324 omnes
803 1294 888 1324 ultor
900 1293 957 1323 ha-

261 1344 363 1383 bent;
383 1343 471 1384 quod
485 1343 603 1383 probo,
613 1343 667 1373 vel
678 1342 722 1373 ob
733 1343 840 1373 solum
850 1341 873 1373 J
878 1351 957 1372 uve-

263 1394 372 1425 nalem
388 1404 397 1425 ι
410 1396 420 1411 ‘
431 1393 577 1433 Semper
586 1402 651 1433 ego
664 1391 799 1423 auditor
811 1396 957 1432 tantum,

262 1452 488 1484 numquamne
507 1451 666 1483 reponam
676 1442 699 1472 ?’
719 1442 863 1473 Torrent-
901 1440 959 1471 Ul·

260 1492 325 1532 tor]
347 1492 462 1525 Judex
476 1496 513 1524 et
527 1492 718 1532 castigator
734 1502 742 1521 ε
765 1491 817 1522 vel
834 1489 891 1532 qui
908 1490 958 1520 ul-

261 1542 375 1574 ciscor
399 1551 459 1574 eos
475 1551 552 1574 mea
572 1541 720 1573 carmina
736 1540 883 1572 vicissim
908 1548 958 1570 re-

267 1591 418 1623 citando.

303 1644 346 1673 40
369 1641 598 1673 Grammaticus
619 1641 734 1672 ambire
749 1639 865 1679 tribus]
889 1638 959 1670 No·

262 1695 334 1723 tum
345 1691 653 1723 Grammaticorum
665 1690 895 1731 supercilium,
903 1689 960 1729 qui

262 1749 299 1771 se
314 1739 461 1770 omnium
477 1739 684 1778 scriptorum
692 1737 830 1779 judices
842 1737 959 1768 vendi-

263 1793 355 1820 tant:
395 1787 485 1819 uude
517 1788 528 1806 ‘
543 1786 682 1819 Critici’
720 1786 958 1828 appellantur:

262 1848 384 1879 cosque
400 1838 444 1869 ob
462 1838 725 1876 multitudinem,
746 1838 854 1869 instar
877 1847 958 1878 pop.

262 1888 360 1919 Rom.
374 1886 486 1918 facete
498 1886 532 1916 in
545 1887 652 1917 tribus
665 1887 800 1917 dividit.
814 1887 958 1918 Torrent-

265 1936 497 1967 Grammaticus
511 1935 628 1966 ambire
643 1935 757 1975 tribus]
782 1935 954 1966 Gramma-

262 1985 410 2016 ticorum
439 1983 690 2015 multitudinem
720 1992 893 2025 prensare,
922 1988 960 2014 ut

261 2033 366 2065 libros
378 2042 471 2065 meos
487 2033 555 2063 suis
570 2032 746 2072 discipulis
762 2031 958 2064 ediscendus

264 2085 470 2123 proponant.
515 2080 662 2120 Pulpita]
681 2080 858 2121 Pulpitum
882 2090 958 2121 pro-

263 2131 336 2173 prie
345 2131 481 2172 quidem
493 2134 690 2171 suggestum
703 2128 884 2171 siguificat,
893 2129 958 2161 hoc

263 2184 330 2221 est,
344 2182 456 2212 locum
472 2179 602 2212 editum
616 2190 627 2218 ;
650 2179 751 2216 unde,
767 2179 852 2211 utin
867 2179 959 2210 thea-

263 2237 318 2264 tro
332 2231 520 2271 comoediae,
538 2231 632 2263 sicin
655 2230 831 2262 doctorum
853 2229 958 2262 homi-

263 2291 344 2314 num
357 2280 606 2314 conventiculis
627 2286 806 2312 auctorum
830 2279 959 2319 scripta

264 2327 514 2363 recitabantur:
538 2339 656 2362 verum
670 2329 727 2361 hic
742 2338 803 2370 pro
826 2329 958 2360 audito-

263 2380 315 2413 rio
337 2380 495 2421 accipere
516 2379 648 2421 malim,
671 2383 803 2420 partem
826 2379 959 2410 scilicet

265 2440 327 2471 pro
343 2434 417 2463 toto
429 2442 439 2469 3
459 2439 524 2462 nec
534 2430 621 2462 male
633 2428 824 2470 Porphyrio
836 2429 958 2469 pulpita

266 2490 328 2521 pro
345 2479 516 2520 magistris
529 2478 682 2519 exponit,
695 2478 753 2520 qui
773 2477 807 2509 iu
823 2477 957 2509 sublimi

265 2529 452 2570 praesident
474 2528 610 2560 ceteris.
631 2528 773 2560 Torreat.
808 2527 957 2568 Pulpita]

265 2578 368 2609 Unde
383 2578 573 2610 recitentur
587 2587 607 2609 a
620 2575 862 2609 Grammaticis
882 2585 958 2608 mea

265 2626 427 2658 carmina.

308 2678 348 2708 41
365 2675 450 2706 Hinc
461 2676 522 2707 iltae
533 2676 774 2718 lachrymoelEx
783 2675 846 2708 bac
857 2684 958 2707 causa

267 2723 455 2765 indignatio
472 2725 561 2766 apud
583 2725 834 2759 Grammaticos
848 2725 957 2758 exori-

722 211 863 243 No'rAE
896 211 1158 244 VARIORUM
1194 212 1245 244 ΙΝ

1005 307 1072 336 tur.
1090 303 1206 344 Spissis
1217 303 1347 343 indigna
1359 302 1508 344 theatris]
1517 301 1611 336 omo
1622 308 1675 337 est
1687 313 1696 335 ε

1004 354 1041 385 Si
1055 354 1136 389 dixi,
1154 353 1262 394 pudet
1277 363 1330 384 me
1347 353 1493 385 recitare
1507 352 1634 394 scripta
1647 355 1697 386 in·

1005 402 1107 442 digua
1146 403 1276 443 spissis,
1305 402 1340 433 id
1369 407 1436 442 est,
1463 400 1699 444 frequentibus

1006 453 1203 491 theatris,et
1213 452 1340 484 addere
1353 452 1485 492 pondus
1497 452 1594 492 nugis
1604 451 1699 483 meis:

1005 502 1095 536 rides
1111 502 1249 541 Horati,
1262 502 1311 533 ait
1326 502 1448 543 aliquis
1462 501 1609 533 invidus.

1045 554 1088 583 42
1106 552 1150 582 Et
1160 552 1253 591 nugis
1264 552 1377 583 addere
1388 550 1522 592 pondus]
1539 551 1583 582 Et
1594 553 1701 592 nugas
1725 557 1731 562 ‘

1006 601 1193 632 venditare.

1047 654 1088 682 43
1104 651 1213 690 Rides,
1239 652 1301 692 ait]
1331 650 1552 682 Simulatioue
1580 650 1701 682 uteris.

1005 701 1094 731 Jovis
1117 701 1242 732 auribus
1266 701 1344 741 ista]
1371 700 1518 732 Auribus
1541 699 1702 741 Augusti,

1004 749 1101 782 Jovis
1116 751 1236 783 nostri.

1049 802 1091 831 44
1117 798 1208 831 Fidis
1229 799 1324 840 enim]
1349 798 1501 831 Confidis
1529 802 1564 830 te
1593 798 1702 830 solum

1006 849 1108 881 edere
1123 849 1238 881 dulcia
1251 849 1413 881 carmina.

1047 901 1088 930 45
1108 899 1179 930 Tibi
1190 899 1333 939 pulcher]
1359 899 1435 931 Tuo
1446 898 1580 939 judicio
1594 898 1700 930 bouus

1006 949 1141 988 Poeta3
1163 959 1239 980 nam
1254 959 1350 981 suum
1376 949 1497 991 cuique
1513 948 1702 990 pulchrum.

1006 998 1060 1030 Aa
1067 999 1132 1029 hoec
1138 1008 1194 1038 ego
1203 998 1329 1030 nar-iou
1339 999 1389 1030 uti
1399 997 1562 1038 Formido]
1569 996 1704 1029 Scribe:

1006 1049 1048 1079 ad
1061 1049 1127 1079 hoec
1147 1058 1226 1087 ego.-
1245 1049 1373 1080 naribus
1386 1048 1436 1079 uti
1449 1048 1611 1079 Formido.
1649 1047 1700 1078 Ut

1007 1097 1067 1128 illa
1081 1097 1186 1128 verba
1201 1098 1269 1129 sint
1285 1097 1423 1128 Horatii
1435 1107 1446 1128 z
1471 1096 1528 1137 qui
1545 1106 1581 1127 se
1597 1096 1701 1128 Criti-

1008 1156 1084 1178 cum
1113 1156 1256 1178 acumen
1285 1145 1526 1186 subterfugere
1546 1148 1702 1177 testatur.

1010 1195 1173 1227 Heinsius.
1215 1196 1268 1226 Aa
1288 1187 1353 1226 h‘aec
1373 1195 1446 1236 ego]
1469 1195 1526 1226 Ad
1549 1204 1601 1231 ea,
1625 1204 1701 1236 qun

1009 1245 1088 1276 mihi
1111 1245 1153 1276 ab
1178 1244 1235 1276 illo
1257 1244 1352 1276 dicta
1383 1250 1464 1276 sunt
1487 1253 1606 1276 vereor
1626 1244 1703 1276 sub·

1008 1304 1158 1331 sannare,
1185 1294 1221 1325 id
1242 1299 1307 1335 est,
1323 1304 1442 1326 vereor
1460 1294 1604 1326 irridere
1626 1304 1702 1336 quae

1007 1344 1107 1375 dixit.

1050 1395 1092 1424 46
1115 1392 1295 1432 Luctantis]
1320 1393 1396 1425 Nou
1431 1392 1593 1425 dissimile
1618 1393 1702 1425 illud

1008 1451 1051 1473 ex
1068 1436 1178 1481 Epist.
1201 1442 1243 1472 ad
1270 1442 1405 1473 Florum
1428 1441 1488 1473 lib.
1505 1451 1547 1473 n.
1568 1442 1578 1459 ‘
1591 1442 1703 1474 Caedi-

1007 1500 1093 1530 mur,
1112 1495 1148 1522 et
1173 1491 1315 1522 totidem
1341 1492 1449 1532 plagis
1477 1492 1703 1524 consumimus

1006 1540 1149 1580 hostem,
1172 1541 1282 1572 Lento
1306 1541 1487 1572 Sammites
1511 1541 1554 1572 ad
1576 1542 1704 1574 lumina

1007 1590 1116 1630 prima
1144 1589 1279 1622 duello!
1322 1591 1377 1622 Ibi
1401 1591 1489 1622 enim
1521 1591 1564 1623 ab
1588 1599 1702 1627 arena,

1006 1639 1061 1670 hic
1081 1649 1101 1670 a
1127 1639 1229 1679 lucta,
1253 1639 1295 1671 ad
1313 1649 1370 1671 eos
1393 1640 1450 1681 qui
1474 1640 1619 1671 invicem
1643 1649 1703 1671 sua

1008 1690 1139 1730 scripta
1155 1690 1382 1731 recitant‚aut
1395 1690 1485 1722 iuter
1496 1700 1532 1722 se
1547 1691 1702 1722 commit-

1009 1742 1143 1779 tuntur,
1168 1739 1272 1770 ducta
1302 1739 1506 1779 Metaphora
1535 1743 1600 1770 est.
1626 1738 1703 1769 Tor-

1007 1791 1089 1819 reat.
1111 1788 1292 1828 bectantia]
1304 1788 1442 1820 Mecum
1453 1787 1704 1820 contendentis.

1050 1839 1092 1867 47
1105 1836 1260 1877 Displicet
1273 1837 1333 1868 iste
1342 1836 1440 1877 locus]
1453 1837 1524 1868 Iste
1538 1837 1642 1877 locus,
1651 1835 1704 1878 (id

1009 1890 1074 1925 est,
1101 1886 1289 1927 theatrum)
1318 1888 1354 1918 in
1377 1897 1442 1927 quo
1465 1887 1614 1918 carmina
1629 1895 1704 1918 mea

1010 1935 1121 1974 palam
1134 1935 1334 1974 recitentur,
1347 1935 1430 1966 mihi
1441 1934 1611 1975 displicet.
1635 1935 1703 1967 Iste

1007 1982 1103 2023 locus]
1141 1982 1301 2014 Meliores
1323 1983 1405 2015 libb.
1427 1986 1510 2023 tres,
1531 1984 1584 2015 ille
1609 1985 1703 2026 heus,

1007 2031 1097 2073 quod
1111 2032 1244 2062 mallem
1259 2042 1268 2062 :
1290 2032 1400 2063 locum
1413 2036 1526 2064 autem
1537 2032 1701 2074 intelligo,

1008 2092 1074 2124 quo
1104 2082 1278 2114 recitaturi
1319 2083 1580 2117 conveniebant.
1613 2084 1702 2117 Tor-r.

1010 2133 1118 2163 Clamo
1132 2136 1163 2164 et
1177 2133 1299 2164 diludia
1310 2133 1414 2173 posco]
1437 2133 1633 2175 Legendum
1647 2136 1701 2166 de-

1007 2181 1116 2218 1uaia3
1136 2190 1214 2212 nam
1235 2181 1434 2214 ‘deludere'
1447 2186 1500 2214 est
1515 2182 1585 2214 ludi
1597 2182 1701 2216 finem

1006 2229 1134 2263 facere.
1179 2231 1268 2262 Nam
1284 2235 1321 2262 et
1347 2232 1520 2263 ‘dilusisse
1536 2233 1702 2274 gladiato-

1008 2279 1080 2312 res'
1094 2280 1265 2322 dicuntur,
1278 2281 1335 2313 ubi
1360 2281 1462 2314 finem
1476 2283 1555 2313 ludo
1582 2286 1619 2314 et
1633 2282 1701 2314 arti

1007 2334 1208 2371 posuerunt,
1225 2330 1314 2371 quod
1330 2331 1455 2363 Graece
1469 2329 1633 2363 καταλύειν
1648 2331 1700 2362 di—

1007 2380 1115 2412 citur:
1133 2379 1211 2411 hinc
1222 2383 1232 2398 ‘
1246 2380 1418 2411 deludium
1429 2380 1438 2393 '
1453 2381 1600 2412 cessatio
1614 2390 1634 2412 a
1649 2380 1699 2412 lu-

1007 2429 1063 2468 do,
1075 2429 1128 2460 vel
1140 2427 1312 2460 κατάλυσις
1325 2429 1407 2461 ludi.
1450 2429 1508 2462 Sic
1522 2434 1558 2461 et
1584 2430 1595 2448 ‘
1609 2429 1699 2461 desi-

1007 2477 1139 2509 derari'
1163 2487 1219 2509 res
1247 2477 1386 2516 dicitur,
1412 2487 1488 2519 quae
1512 2477 1611 2517 abiit,
1633 2486 1698 2510 nec

1007 2528 1150 2568 amplius
1161 2530 1286 2559 exstat.
1329 2525 1590 2559 ‘Deferbuisse’
1613 2526 1699 2559 dici-

1006 2578 1062 2608 tur
1071 2575 1308 2618 quod'fervere
1323 2575 1437 2608 desiit.
1460 2574 1592 2607 Saum.
1633 2574 1697 2606 Di-

1006 2624 1106 2665 ludia]
1127 2626 1235 2656 Vetus
1251 2624 1430 2664 glossema,
1447 2623 1537 2666 quod
1561 2626 1697 2656 constat

1005 2683 1080 2705 esse
1099 2674 1252 2713 Acronis,
1280 2673 1314 2704 in
1338 2673 1484 2714 vulgatis
1506 2671 1601 2705 libris
1621 2681 1696 2705 cor-

1006 2727 1161 2765 ruptum:
1187 2723 1197 2742 ⁴
1212 2722 1350 2755 Diludia
1363 2722 1524 2755 dicuutur
1542 2726 1694 2762 tempora
