1858 3184
253 234 363 276 1766

252 349 320 378 um,
341 338 514 380 bonorum,
537 342 602 373 διο.
630 350 699 382 prae
728 342 866 375 virtutis
889 353 947 375 ex·

250 389 421 430 callentis,
446 400 522 432 quae
545 395 670 423 caetera
684 393 798 424 omnia
812 403 873 425 sua
888 393 947 425 bo-

250 439 359 472 nitate
382 441 482 481 longe
504 446 654 482 superat.
678 443 773 484 Cruq.
819 444 947 475 Meliori

248 489 388 530 credere]
410 490 638 523 Prudentiori.

291 541 335 571 ⁴9
359 539 440 576 Quis
449 540 566 571 circum
578 550 685 581 pagos,
699 541 767 582 &cd
788 542 873 575 Quis
887 542 946 574 ho·

249 598 305 621 mo
320 587 421 621 fortis
434 593 470 621 et
482 599 618 630 pugnax
633 591 668 621 in
682 591 856 623 vilioribus
873 602 946 624 cer-

251 639 434 696 taminibus
469 639 644 682 pugnabit,
671 644 708 672 et
739 645 946 683 contemnet,

249 689 313 720 &c-

291 740 334 769 5⁰
358 738 516 780 Olympia,
534 740 585 771 cui
607 740 692 782 spes]
718 741 881 774 Coronati
896 743 945 775 O·

247 788 451 829 lympiorum
466 790 613 823 nomine.

255 855 260 859 -
292 841 332 870 61
366 838 444 871 Sine
476 840 617 881 pulnere]
650 840 785 874 Ἀκονιτὶ
825 842 946 876 dicunt

249 887 377 930 Groeci,
388 889 574 933 eodemque
590 901 689 923 sensu
706 892 856 935 ἀνιδρωτὶ,
878 896 946 927 sine

245 941 368 973 sudore.
426 940 542 983 Atque
570 942 617 973 ita
651 942 766 975 Graeci
799 954 945 986 quoque,

248 990 393 1030 ἆναιματὶ
406 993 504 1034 νικᾷν,
518 991 690 1032 ἀναίματον
702 993 861 1035 τρόπαιον,
872 994 945 1027 ἄδα-

248 1053 332 1083 κρυν,
355 1047 391 1074 et
414 1043 498 1075 item
521 1044 675 1086 ἀσίδηρον,
701 1045 763 1077 hoc
787 1050 853 1085 est,
878 1046 946 1078 sine

245 1093 398 1132 sanguine
411 1094 545 1136 vincere,
559 1095 755 1127 incruentum
765 1096 947 1138 tropheum,

247 1143 361 1174 senine
371 1144 518 1184 lacrymis
528 1144 657 1183 etserro
669 1146 794 1178 bellum
808 1147 925 1179 dixere
936 1158 946 1188 ;

246 1196 286 1223 ut
302 1197 414 1224 autem
431 1193 564 1225 Plinius
579 1196 589 1212 ‘
606 1195 743 1227 vincere
759 1195 945 1238 Olympia,'

188 1243 200 1257 ⁸
246 1243 296 1274 sic
312 1243 479 1275 Horatius
496 1249 506 1262 ‘
521 1247 678 1277 coronari
691 1246 700 1260 '
722 1246 832 1285 dixit3
853 1252 944 1280 uter-

247 1300 314 1333 que
329 1291 519 1325 imitatione
534 1294 756 1327 Graecorum:
781 1298 873 1339 νικᾷ,
894 1299 945 1330 καὶ

245 1342 474 1383 στεφανοῦσθαι
523 1343 670 1384 ὄλύμπια·
717 1350 754 1378 et
795 1347 945 1380 Turneb-

246 1401 353 1425 xxvr.
368 1396 423 1426 26.
448 1395 587 1427 Tor-rent.
618 1395 696 1427 Sine
707 1396 847 1438 pulvere]
863 1398 944 1431 Sine

245 1443 375 1475 labore.

289 1497 332 1526 52
359 1494 462 1527 Vilius
474 1499 638 1536 argentum
652 1501 698 1529 est
709 1498 800 1540 auro]
821 1499 944 1531 Melio-

246 1553 302 1576 res
318 1545 464 1586 codices,
483 1546 584 1579 Vilius
602 1552 649 1580 est
669 1553 835 1589 argentum
856 1560 943 1583 auro.

246 1596 395 1628 ostendit
411 1602 526 1629 autem
541 1600 700 1640 exemplo
715 1610 833 1632 verum
855 1611 944 1642 esse,

245 1645 336 1687 quod
353 1651 433 1679 ante
456 1647 585 1688 docuit,
609 1650 757 1682 stultitia
776 1649 847 1698 fere
864 1662 943 1693 pec-

246 1696 424 1735 cari,dum
449 1707 518 1730 non
545 1700 588 1731 ad
615 1700 754 1732 rationis
780 1696 943 1740 normam,

245 1745 304 1776 sed
318 1745 361 1776 ad
384 1748 478 1786 vulgi
492 1749 684 1788 opinionem
699 1752 839 1784 vivitur.
873 1753 944 1785 Per

244 1795 373 1834 μίμησιν
388 1796 478 1828 enim
498 1797 690 1838 sapientum
714 1801 819 1840 dicta,
843 1803 943 1843 quale

244 1846 311 1876 hoc
331 1845 463 1885 ipsum:
493 1846 596 1877 Vilius
618 1852 665 1878 est
679 1854 843 1888 argentum
856 1862 943 1891 auro,

242 1894 411 1926 virtutibus
441 1905 574 1933 aurum;
610 1906 687 1928 cum
722 1900 942 1939 popularibus

246 1949 422 1986 comparat
437 1954 449 1984 ὅ
466 1946 566 1987 quale
581 1951 634 1978 est
657 1948 746 1988 quod
770 1949 942 1990 sequitur:

213 2015 216 2020 ·
248 1996 279 2026 0
288 1996 381 2037 cives,
391 1995 486 2035 cives,
496 1998 797 2038 quoerendapecunia
807 1999 944 2040 primum

244 2050 303 2085 est,
323 2046 432 2078 Virtus
438 2050 511 2087 post
525 2056 674 2079 nummos.
701 2050 813 2082 Quam
829 2054 942 2082 tamen

245 2097 450 2128 senteutiam
467 2097 567 2129 Plato
592 2098 634 2130 de
657 2099 791 2140 Repub.
807 2100 868 2132 lib.
886 2110 942 2133 ιιι.

244 2145 426 2188 Phocylidi
450 2147 592 2180 tribuit:
615 2153 698 2181 tuuc
727 2159 850 2191 nempe
876 2151 942 2183 vir·

244 2200 352 2229 tutem
368 2197 433 2229 coli
454 2202 490 2229 et
508 2199 662 2231 exerceri
678 2205 849 2241 oportere,
865 2211 940 2233 cum

243 2247 382 2279 vivendi
405 2247 588 2280 facultates
619 2254 820 2291 suppetunt,
842 2252 940 2293 cujus

241 2298 306 2329 loci
322 2307 382 2330 nos
405 2299 510 2330 etiam
537 2299 718 2332 Lambinus
741 2301 939 2336 admonuit:

244 2352 281 2380 et
308 2358 390 2380 sane
419 2350 582 2390 perpauci
616 2350 724 2387 fuere,
753 2352 811 2394 qui
837 2353 942 2386 virtu-

243 2403 311 2430 tem
327 2398 732 2443 infortunatam-amplexi
748 2407 839 2436 sunt.
864 2404 941 2436 Tor·

243 2452 325 2480 rent.

287 2501 329 2530 54
356 2499 464 2532 Virtus
473 2501 561 2543 post]
581 2501 649 2534 Sed
673 2503 779 2535 stulte
801 2504 836 2536 id
857 2504 939 2538 faci·

245 2549 301 2580 tis.
345 2549 426 2580 Hoec
448 2552 551 2583 Jonas
572 2561 707 2585 sannaus
727 2554 765 2586 ab
782 2555 843 2587 imo
861 2557 939 2589 Per-

241 2598 344 2639 docet]
368 2599 408 2630 P.
423 2599 557 2641 Victor,
573 2603 722 2643 regionis
737 2605 840 2638 Urbis
854 2616 938 2640 vm.

243 2650 253 2666 ⁸
269 2647 375 2688 Jani,'
392 2648 514 2690 inquit,
530 2651 540 2668 ‘
556 2650 635 2691 duo,
651 2654 795 2687 celebris
809 2666 938 2690 merca·

244 2701 355 2730 torum
371 2699 487 2731 locus!
531 2700 630 2733 Quod
647 2711 728 2743 ergo
751 2714 791 2738 ιι.
812 2706 884 2740 Sat.
907 2711 938 2740 3.

242 2748 331 2780 dixit
361 2748 484 2780 Horat.
509 2750 519 2767 ‘
536 2750 723 2792 Postquam
753 2756 859 2787 omnis
883 2767 938 2790 res

241 2807 317 2831 mea
331 2798 455 2831 Janum
480 2797 533 2830 Ad
556 2799 702 2832 medium
727 2801 839 2837 fracta
861 2808 938 2840 est!

710 248 852 279 NoTAE
882 247 1146 282 VARtORUM
1182 251 1235 282 IN

997 345 1096 378 Quod
1120 346 1202 379 item
1227 345 1348 378 Cicero
1370 347 1412 379 de
1430 346 1562 381 Officiis
1572 348 1634 382 lib.
1649 358 1690 382 tr.

996 394 1006 411 ‘
1026 394 1077 426 Ad
1094 396 1239 427 medium
1254 396 1380 429 Jauum
1401 397 1545 437 sedere:
1566 399 1601 430 id
1623 409 1690 432 uon

995 444 1046 476 ita
1060 446 1203 487 intelligi
1219 451 1366 488 oportet,
1384 453 1421 480 ut
1437 453 1506 480 tres
1521 449 1602 482 Jani
1617 447 1694 481 fue·
1734 460 1742 471 ·

997 495 1064 526 rint
1077 505 1088 527 ε
1111 495 1171 527 sed
1187 497 1276 538 quod
1298 497 1363 529 loci
1386 498 1476 530 inter
1489 498 1573 531 duos
1586 499 1691 532 Janos

997 548 1083 584 erat,
1100 545 1135 577 id
1151 547 1161 564 ‘
1178 546 1284 578 Janus
1298 547 1453 587 medius:
1475 552 1513 580 et
1534 553 1544 568 ⁸
1561 549 1604 580 ad
1623 559 1692 581 me-

997 595 1091 627 dium
1117 595 1267 636 Janum‚'
1293 601 1330 628 et
1354 596 1508 629 absolute
1538 597 1691 631 ‘Janus’

999 645 1194 678 vocabatur.
1223 646 1279 678 Sic
1295 646 1383 678 enim
1401 646 1506 679 Ovid.
1522 648 1531 666 ‘
1549 647 1616 681 Qui
1633 658 1694 689 pu·

998 695 1066 726 teal
1082 696 1275 738 Jauumque
1294 696 1393 728 times
1408 697 1605 739 celeresque
1622 697 1693 730 Ka-

996 745 1139 778 tendas!
1175 747 1262 778 Tum
1279 747 1443 783 Prodocet.
1460 757 1525 779 non
1540 747 1694 780 perdocet

996 795 1054 827 edi
1078 795 1212 828 curavit
1232 796 1426 829 Lambinus.
1468 798 1621 831 Perdocee
1642 804 1694 831 ta·

996 854 1073 876 men
1097 847 1204 887 magis
1235 846 1361 887 placet,
1391 856 1457 878 non
1479 847 1585 879 solum
1611 848 1692 890 quia

997 896 1174 936 usitatius3
1197 905 1272 927 nam
1295 898 1438 929 alterum
1460 898 1545 929 illud
1567 908 1692 931 novum

997 945 1097 986 plane
1119 950 1155 978 et
1177 946 1257 978 mihi
1282 947 1490 989 inauditum
1523 948 1583 981 sed
1610 949 1693 990 qnia

997 993 1169 1026 efficacius
1189 1005 1335 1038 quoque,
1357 1001 1395 1029 et
1418 997 1506 1030 Jano
1529 1002 1692 1041 tanquam

997 1045 1070 1077 Deo
1097 1045 1242 1079 docente
1268 1047 1429 1089 dignum:
1456 1052 1495 1081 ut
1516 1046 1606 1091 q'uod
1633 1049 1692 1082 do-

996 1096 1118 1132 cuerit,
1143 1097 1281 1129 imbutis
1307 1099 1413 1131 semel
1434 1099 1571 1138 auribus
1595 1109 1692 1132 num·

996 1155 1094 1187 qnam
1122 1145 1251 1179 effluat.
1288 1148 1442 1180 Tor-rent.
1485 1149 1568 1181 Hoec
1588 1150 1693 1181 Jonas

994 1204 1131 1226 sanamus
1154 1196 1193 1227 ab
1215 1196 1293 1237 imo]
1317 1196 1447 1229 Omnes
1469 1197 1693 1231 foeneratores

995 1245 1069 1288 (qui
1092 1247 1294 1279 habitabant
1307 1247 1342 1279 in
1358 1247 1435 1280 fori>
1455 1248 1618 1288 Romano,
1634 1250 1691 1282 nbi

996 1298 1157 1337 templum
1180 1301 1233 1329 est
1253 1298 1353 1339 Jani)
1373 1298 1448 1330 haec
1473 1299 1608 1340 publice
1629 1300 1690 1332 do-

994 1350 1085 1378 cent.

1035 1400 1077 1427 55
1094 1397 1225 1429 Dictaea
1238 1398 1398 1440 senesque]
1412 1398 1500 1431 Haec
1516 1403 1692 1442 praecepta

994 1446 1119 1488 saepius
1136 1447 1318 1481 inculcata.

1036 1499 1079 1528 56
1101 1497 1195 1529 Loevo
1223 1499 1362 1540 suspensi
1385 1500 1512 1542 locutos]
1536 1500 1691 1535 Turneb.

995 1555 1102 1578 xxvi.
1118 1550 1172 1579 26.
1207 1548 1297 1580 Vide
1321 1558 1347 1581 1.
1366 1549 1440 1581 Sat.
1459 1553 1493 1582 6.
1514 1553 1568 1583 74.
1612 1549 1689 1584 Sas-

989 1597 1078 1638 pensi
1103 1597 1231 1638 loculos]
1263 1598 1438 1631 Habentes
1463 1599 1592 1633 loculos
1618 1611 1691 1633 sns-

992 1656 1115 1688 pensos
1130 1648 1173 1679 ad
1187 1647 1298 1680 foenus
1311 1650 1554 1691 reponendum.
1590 1651 1690 1685 nbu-

991 1697 1112 1738 lamque
1133 1698 1263 1740 lacerto]
1286 1699 1331 1731 Et
1352 1699 1516 1732 babentes
1538 1697 1688 1734 tabulam

991 1746 1035 1778 ad
1050 1748 1230 1780 scribenda
1245 1748 1432 1782 debitorum
1448 1751 1593 1784 nomina.

1034 1800 1075 1829 57
1099 1798 1139 1830 Si
1162 1799 1416 1840 quadringentis]
1436 1800 1549 1833 Multo
1573 1802 1688 1843 plures

993 1849 1030 1877 et
1055 1847 1210 1878 meliores
1244 1848 1336 1888 libri,
1365 1849 1430 1881 Sed
1453 1847 1691 1892 quadr-ingentis

991 1901 1048 1923 sex
1060 1897 1174 1933 septem
1193 1896 1292 1925 millia
1306 1898 1429 1927 desunt.
1473 1899 1559 1931 Quae
1578 1901 1690 1941 scrip.

993 1946 1071 1973 tura
1085 1947 1182 1974 recta
1196 1947 1260 1982 est,
1276 1948 1315 1975 ut
1331 1943 1435 1976 verba
1452 1945 1521 1977 sint
1534 1950 1689 1987 pecunias

992 1992 1139 2024 studium
1155 1994 1357 2026 excusantis.
1402 1995 1491 2027 Nam
1502 2005 1562 2028 cur
1575 1997 1624 2038 ni,
1639 1999 1690 2031 in-

992 2043 1076 2084 quit,
1093 2052 1273 2084 properem
1287 2042 1477 2076 ditescere?
1497 2045 1554 2087 qui
1571 2047 1606 2079 iu
1619 2049 1690 2089 ple·

992 2094 1035 2124 be
1050 2102 1227 2124 mansurus
1249 2093 1325 2133 sim,
1340 2093 1368 2125 si
1384 2095 1535 2136 equestri
1549 2105 1687 2130 summae

991 2143 1315 2185 quadringentorum
1341 2145 1481 2176 millium
1507 2146 1562 2178 vet
1592 2147 1688 2179 mini-

991 2202 1082 2225 mum
1119 2193 1246 2235 aliquid
1281 2193 1379 2226 desit.
1434 2195 1552 2228 Simile
1580 2195 1686 2230 illud:

989 2244 999 2262 ‘
1016 2244 1064 2276 At
1078 2245 1165 2276 bona
1179 2254 1258 2285 pars
1272 2244 1442 2277 hominum
1458 2245 1607 2288 decepta
1621 2248 1688 2280 eu-

990 2295 1106 2336 pidine
1115 2294 1220 2327 falso:
1238 2295 1296 2327 Nil
1309 2296 1390 2327 satis
1403 2301 1467 2332 est,
1477 2296 1600 2339 inquit,
1610 2299 1689 2340 qnia

990 2345 1076 2377 tanti
1091 2349 1255 2386 quantum
1278 2344 1404 2376 habeas
1427 2345 1497 2377 sis.’
1540 2346 1592 2377 De
1611 2347 1687 2388 lege

990 2401 1104 2429 antem
1114 2397 1237 2429 Roscia
1249 2397 1408 2429 theatrali
1419 2397 1453 2428 in
1462 2397 1593 2438 Epodis
1601 2397 1688 2429 dixi-

989 2456 1075 2479 mus.
1091 2448 1235 2478 Torreat.
1279 2445 1316 2477 Si
1326 2446 1580 2488 quadringentis]
1594 2447 1687 2480 Qua-

988 2496 1177 2537 dringentis
1193 2496 1339 2528 millibus
1353 2497 1561 2528 sestertium.
1608 2497 1687 2538 Sep-

988 2551 1050 2579 tem
1072 2546 1185 2588 millia]
1208 2546 1243 2578 Si
1265 2556 1326 2578 sex
1353 2551 1412 2578 ant
1433 2552 1563 2588 septem
1581 2547 1687 2579 millia

987 2598 1111 2629 desunt
1126 2597 1169 2628 ad
1185 2606 1323 2628 censum
1338 2601 1544 2637 equestrem.

1030 2649 1073 2678 58
1098 2647 1157 2677 Est
1179 2646 1301 2677 unimus
1324 2646 1399 2687 tibi]
1424 2646 1492 2679 Hic
1513 2654 1628 2677 versus
1650 2645 1684 2677 in

989 2698 1065 2732 cod.
1082 2697 1214 2729 Buslid.
1229 2697 1459 2738 igetustissimo
1475 2694 1685 2739 prassp‘onitur

987 2749 1079 2785 huic,
1100 2747 1138 2779 Si
1150 2747 1401 2789 quadringentis,
1414 2750 1466 2789 &0-
1489 2748 1594 2789 Cruq.

1031 2801 1073 2830 ⁵9
1094 2797 1191 2830 Plebs
1219 2797 1296 2839 eris]
1327 2798 1403 2830 Eris
1430 2796 1592 2838 plebeius.
1637 2798 1683 2829 At
