1858 3184
450 263 656 294 HoRA'rn
693 261 1040 294 Ems'romlnuu
1074 262 1167 293 LlB.
1199 263 1230 295 1.
1258 254 1327 294 3.·

196 357 216 386 3
241 355 376 397 Thraca]
398 354 647 398 emm-Graece.
668 354 781 396 Atque
792 355 849 387 its·

153 405 250 446 Virg-
263 414 332 437 xu.
349 406 359 424 ‘
370 404 612 439 Gemitultims
621 404 719 445 pulsu
734 404 839 435 Thra·

151 464 191 486 ca
221 454 370 495 pedum.’
422 454 510 486 Vide
537 463 612 495 quae
642 453 755 485 notavi
782 462 838 486 ιιι.

153 504 222 536 Od.
237 507 270 536 9.
291 505 432 536 Tor-rent.
477 504 632 535 rumne
645 505 714 545 tos]
735 503 840 535 Thra-

150 554 258 585 ciane.
302 553 481 594 Hebrusque
494 552 592 584 nivali
604 554 744 593 compede
757 552 840 584 oinc-

149 602 216 644 ωε]
240 602 356 635 Hebro
384 603 574 643 epithetum
595 602 725 642 tribuit,
750 602 838 643 quod

133 653 216 693 .ipsi
232 657 331 685 terrm
355 653 521 684 Thracum
547 651 665 684 melius
682 653 840 683 conveni-

152 705 223 733 ret:
241 701 373 733 nt¹nlibi
386 704 396 719 ⁸
408 700 551 731 nivalem
560 699 570 713 '
586 700 739 740 appellat
752 702 762 718 ‘
775 700 840 732 Ar-

144 747 318 788 ruent-m:
337 747 459 791 Θρῄκην
471 749 602 789 χιονόδη
621 749 749 782 Graeci.
792 749 840 782 At

150 797 288 830 flumina
321 799 430 839 glacie
462 799 600 846 3uidem
638 799 840 839 consistunt,

148 849 288 881 navibus
303 859 384 881 vero
399 854 566 890 augentur
587 850 710 890 potius,
730 854 766 882 et
780 850 841 882 im-

146 899 341 938 petuosiora
362 898 458 930 finnt.
500 899 568 931 Sed
592 899 633 931 ad
650 898 772 939 gelidae
788 908 840 930 re-

148 947 257 988 gionis
282 953 436 980 naturam
466 949 650 989 respexitv
668 953 705 981 et
730 949 839 989 glacie

1472 255 1583 298 1777

890 365 931 387 no
946 354 1046 395 breui]
1065 355 1175 387 Titius
1197 354 1320 394 Poeta,
1340 355 1398 396 qui
1423 355 1515 388 brevi
1539 359 1581 390 ob

890 414 951 436 sua
964 405 1090 445 scripta
1105 404 1335 436 celebrabitur
1350 415 1368 435 a
1380 406 1505 446 populo
1517 407 1584 439 Ro·

890 463 998 485 mano.

934 506 974 535 10
997 504 1162 535 Pindarici
1166 505 1286 546 fontis]
1305 505 1363 536 Sic
1379 506 1558 537 Lticretius
1573 516 1582 536 z

889 552 899 569 ‘
910 552 1015 585 Juvat
1030 553 1181 594 integros
1196 554 1359 585 accedere
1373 553 1497 594 fontes,
1518 554 1582 586 At-

891 610 958 642 que
982 601 1140 633 haurire:
1183 603 1362 635 Sententia
1385 610 1498 636 autem
1515 608 1583 643 est,

890 651 1028 691 Titium,
1046 652 1195 692 vulgaria
1211 657 1495 692 contemnentem,
1514 662 1581 685 non

890 700 933 731 de
962 701 1038 732 lacn
1068 705 1127 732 ant
1154 701 1252 733 obvio
1271 703 1423 734 omnibus
1445 702 1581 735 flumine

889 761 1009 792 squam
1026 756 1158 792 petere,
1180 751 1241 783 sed
1267 750 1394 784 fontem
1418 753 1525 793 ipsum
1542 763 1581 784 ac

890 799 996 831 veluti
1011 804 1115 841 caput
1135 800 1248 841 Lyrici
1270 801 1440 832 Poematis
1457 801 1581 832 Pinda-

889 858 962 880 rum
979 849 1125 885 aemulsri
1139 860 1149 889 ;
1164 859 1264 891 quem
1277 851 1410 890 assequi
1424 849 1581 884 difficilli-

888 908 978 930 mum
1000 898 1056 937 sit,
1077 904 1114 931 ut
1137 900 1170 931 in
1194 900 1280 932 Odis
1302 899 1455 931 vidimus.
1497 900 1580 931 Tur-

888 947 965 981 tlbb.
996 957 1101 981 xxvi.
1133 952 1188 982 2⁷.
1226 950 1370 982 Tor-rene.
1414 950 1581 982 Pindarici

146 996 251 1036 igitur
273 1002 309 1029 et
338 999 415 1030 nive
442 998 588 1039 desuper
609 999 741 1030 vinctus
764 1003 840 1031 erat
878 998 996 1039 sontis]
1009 1000 1076 1032 Qui
1090 1009 1155 1031 non
1167 999 1339 1039 dubitavit
1354 999 1490 1032 fluidam
1502 1000 1581 1031 Pin·

147 1045 296 1079 Hebrus.
317 1047 457 1079 Torrent-
490 1048 599 1079 Niouli
608 1049 748 1089 compede
757 1048 839 1079 vinc-

145 1094 212 1136 tus]
234 1095 355 1128 Glacie
372 1097 514 1128 vinctus.

189 1147 211 1176 4
230 1145 380 1183 Aufr-ele
392 1147 526 1187 vicinus]
560 1147 614 1179 An
634 1147 836 1188 Hellespon·

149 1198 203 1225 tus
217 1194 305 1226 inter
315 1196 452 1227 Sestum
463 1201 499 1228 et
509 1196 668 1237 Abydum
679 1198 837 1228 currens?

154 1243 279 1275 Vicinus
297 1245 382 1276 inter
401 1246 558 1277 currentia
582 1247 699 1287 tunes]
726 1247 838 1278 Turres

148 1288 259 1332 vocnt,
275 1294 328 1324 vel
345 1294 446 1326 urbes
458 1295 549 1335 ipsas
561 1296 683 1327 Seston
698 1301 734 1327 et
743 1295 837 1337 Aby-

146 1341 223 1380 don.
261 1341 473 1383 Hellesponti
508 1344 670 1384 augustiis
702 1344 837 1385 divisas,

147 1389 259 1424 nesus
277 1396 314 1423 et
341 1392 486 1424 Leandri
508 1401 619 1424 amore
635 1392 776 1432 nobiles,
798 1398 836 1429 ut

147 1438 282 1480 πύργους
292 1441 406 1474 Graeci
418 1451 430 1481 ς
442 1442 530 1482 quod
547 1442 671 1473 Petrus
683 1443 835 1474 Nannius

149 1490 296 1522 Miscell.
314 1491 374 1523 lib.
390 1500 442 1523 ιν.
465 1492 664 1524 annotavit:
693 1493 746 1523 vel
762 1492 836 1533 ipsa

145 1538 276 1571 urbium
293 1541 567 1582 propugnacula:
599 1542 652 1572 vel
679 1551 721 1573 eo
741 1542 836 1575 deni-

145 1598 212 1629 que
228 1590 379 1630 respicit,
393 1589 482 1631 quod
499 1590 593 1621 Hero
609 1590 739 1622 inclusa
750 1591 835 1622 turri

143 1637 353 1670 servabatur.
396 1639 564 1680 Cruquius
587 1639 671 1672 dicit
696 1640 836 1672 Blandi-

145 1694 226 1718 uum
240 1687 316 1719 eod.
340 1688 601 1720 vetustissimum
624 1689 747 1720 habere
772 1693 835 1720 ter-

145 1745 211 1777 res,
226 1746 288 1777 pro
302 1740 424 1769 turres.-
440 1743 475 1768 et
490 1739 734 1779 interpretatur
750 1739 836 1778 regi-

145 1796 227 1818 ones
243 1788 410 1828 Europam
420 1792 455 1819 et
466 1787 593 1826 Asiam,
603 1798 687 1828 quas
701 1788 836 1820 Helles-

146 1836 340 1875 pontiacutn
355 1846 446 1867 mare
458 1837 593 1870 dividit.

187 1888 207 1916 5
229 1884 412 1923 Morantur]
435 1884 620 1915 Detinent?

186 1933 319 1968 anid
340 1933 478 1963 studiosa
503 1930 625 1970 cohors]
658 1932 836 1964 Hactenus

146 1981 190 2013 de
203 1971 322 2013 castris
338 1980 470 2012 Claudii
496 1980 655 2020 Neronis,
676 1990 743 2021 quo
762 1980 835 2012 loco

144 2030 213 2063 site
225 2030 314 2068 sint3
327 2039 415 2062 nunc
431 2029 474 2060 de
487 2029 750 2060 commilitonum
766 2035 835 2060 stu-

146 2078 228 2115 diis,
247 2079 502 2120 exercitusque,
524 2077 601 2122 dum
624 2078 692 2110 sint
714 2078 747 2109 in
767 2085 836 2110 sta-

147 2128 252 2161 tione.
287 2128 384 2168 Graq.
439 2127 525 2164 Quid
548 2128 687 2160 “odiosa
714 2127 835 2167 cohors]

148 2177 241 2210 Quid
270 2176 374 2208 facist
402 2176 540 2208 literato
562 2177 665 2207 Drusi
692 2177 808 2208 cohors
823 2177 835 2207 ?

146 2225 294 2258 studiosa
306 2226 428 2266 colion]
458 2226 637 2258 Cohortem
653 2227 834 2258 amicorum

135 2275 274 2308 'Tiberii
286 2274 467 2316 significat.
490 2275 631 2306 Torreat.

188 2326 210 2355 8
228 2323 371 2363 Longum
384 2322 534 2364 diffundit
547 2323 581 2354 in
595 2324 708 2365 oeoum]
721 2324 834 2364 Scrip-

147 2374 189 2404 tis
218 2372 353 2404 mandat
378 2372 421 2403 ad
442 2373 633 2404 memoriam
656 2374 832 2414 sempiter-

146 2430 235 2454 nam.

182 2473 212 2504 ,9
235 2471 319 2506 Quid
335 2470 453 2511 Titius]
489 2470 590 2502 Hunc
611 2470 728 2502 Titium
743 2475 836 2504 vete-

149 2519 195 2549 ris
213 2518 291 2550 libri
311 2519 558 2559 glossematium
586 2519 720 2560 poetam
740 2520 836 2561 Lyri-

149 2576 225 2599 cum
236 2565 340 2598 fuisse
350 2571 504 2606 testatur,
519 2563 716 2608 cognomine
731 2574 740 2588 ⁸
753 2571 835 2611 Sep·

148 2616 300 2655 timinm‚'
316 2621 374 2647 aut
388 2617 397 2633 ‘
411 2616 633 2656 septiminum
642 2617 651 2630 '
664 2618 786 2658 potius,
799 2623 836 2652 nt

149 2677 213 2706 ego
229 2666 393 2704 arbitron
417 2675 616 2707 quamquam
638 2677 680 2699 ne
700 2669 749 2701 sic
764 2669 836 2711 qui-

149 2718 226 2748 dem
238 2717 402 2748 bominem
414 2717 573 2748 noverim.
615 2718 706 2750 Titia
721 2723 834 2751 tamen

150 2776 231 2807 gens
245 2767 404 2797 Romana.
427 2766 566 2797 Torrent.
612 2767 711 2798 Titius
720 2768 834 2801 Roma-

179 2855 185 2858 ·
233 2818 344 2855 Delph.
359 2821 386 2848 et
409 2819 481 2848 Vor.
499 2817 580 2849 Clas.

800 2820 835 2850 H
837 2823 913 2849 orat.

887 1048 960 1079 dari
997 1049 1223 1090 eloquentiam
1262 1049 1390 1080 Latinis
1427 1050 1579 1081 versibus

886 1096 1021 1129 imitari.
1065 1097 1222 1138 Haustus]
1247 1099 1419 1139 L‘quores.

930 1149 968 1177 11
993 1146 1095 1177 Locus
1107 1152 1137 1178 et
1152 1147 1251 1187 rivos]
1275 1148 1412 1188 Scripta
1427 1148 1579 1188 vulgaria

886 1199 922 1226 et
935 1195 1075 1226 inventu
1091 1194 1216 1226 facilia.

931 1246 969 1275 12
995 1243 1161 1275 Fidibusue
1175 1242 1315 1285 Latinis]
1348 1246 1527 1285 Rogat,an
1542 1245 1578 1276 in

887 1292 1060 1333 proposito
1089 1292 1152 1323 sibi
1185 1293 1299 1324 studio
1336 1294 1508 1333 persistat,
1542 1299 1580 1325 ut

885 1341 1080 1373 Thebanum
1097 1341 1280 1373 Pindarum
1297 1343 1417 1377 Latino
1429 1343 1579 1375 carmine

885 1392 1060 1430 imitetur-3
1084 1401 1126 1423 au
1142 1392 1257 1432 potius
1278 1392 1471 1433 'l'ragoediae
1495 1393 1579 1424 scri-

885 1440 1005 1472 bendae
1021 1451 1058 1472 se
1073 1441 1219 1472 dederit.
1245 1442 1386 1473 Tor-rent.
1431 1442 1578 1481 Fidibus-

884 1499 922 1521 ηε
934 1489 1073 1530 latinis]
1095 1487 1186 1522 Num
1201 1491 1314 1522 studet
1333 1492 1460 1523 Latinis
1477 1492 1579 1523 versi-

887 1539 948 1570 bus
967 1539 1082 1580 lyricis
1105 1539 1303 1572 Pindaricos
1325 1550 1441 1572 versus
1462 1540 1577 1572 modu-

886 1589 972 1620 lari?

930 1640 969 1669 13
991 1637 1124 1678 Auspice
1139 1638 1249 1679 Mm]
1278 1639 1451 1671 Musarum
1467 1639 1577 1679 aiispi-

887 1687 962 1719 cio?

929 1740 969 1773 14
990 1736 1125 1776 Tragion
1137 1737 1281 1777 desoevit]
1300 1737 1500 1767 Imitationis
1514 1737 1579 1766 vim

887 1786 1050 1825 ostendit,
1066 1795 1133 1825 qua
1147 1786 1318 1816 excellens
1335 1785 1445 1816 Poe‘ta
1458 1785 1579 1816 saevire

887 1834 960 1872 ipse
987 1833 1156 1871 videatur,
1185 1833 1249 1862 lioc
1275 1837 1339 1867 est,
1362 1842 1452 1868 acer,
1478 1833 1578 1864 vehe-

886 1890 993 1918 mens,
1009 1882 1177 1910 animosus
1192 1890 1278 1919 esse,
1292 1881 1348 1920 qui
1366 1882 1450 1912 tales
1464 1891 1578 1921 perso-

886 1938 946 1959 nas
979 1928 1012 1959 in
1040 1928 1208 1960 theatrum
1239 1929 1400 1961 adducat.
1458 1930 1578 1963 Poetae

886 1987 1031 2019 namque
1058 1982 1121 2013 est,
1155 1988 1254 2019 quain
1285 1979 1370 2011 velit
1399 1989 1578 2020 personam

885 2027 1058 2067 inducere,
1068 2036 1208 2068 eamque
1219 2033 1299 2060 ante
1311 2029 1426 2061 oculos
1439 2039 1578 2070 ponere.

888 2077 1031 2110 Tan-ent.
1072 2077 1231 2117 Demo]
1267 2077 1320 2109 An
1352 2078 1451 2110 valde
1481 2079 1578 2111 saevit

886 2126 1040 2158 crudeles
1063 2131 1098 2157 et
1120 2136 1230 2158 saevos
1253 2127 1442 2167 principum
1465 2137 1577 2159 mores

886 2176 1130 2216 exprimendo?
1161 2177 1206 2207 Et
1219 2176 1420 2217 ampullatur]
1437 2176 1578 2217 Ampul-

885 2226 924 2257 lis
935 2226 1112 2258 verborum
1124 2227 1255 2258 utitur?
1278 2226 1493 2267 ampullatur]
1511 2227 1578 2258 Suo

885 2284 977 2306 more
994 2273 1142 2306 feliciter
1157 2275 1280 2306 audax.
1336 2275 1391 2306 Sic
1408 2275 1577 2315 expressit

885 2325 973 2366 quod
990 2324 1102 2357 Graeei
1125 2323 1298 2363 ληκυθίζειν
1320 2325 1458 2356 dicunt:
1486 2325 1576 2355 idem

886 2375 972 2406 enirn
988 2375 1053 2406 illis
1065 2374 1208 2414 λήκυθος,
1224 2375 1312 2415 quod
1324 2375 1419 2405 nobis
1431 2374 1576 2413 ampulla,

885 2425 1056 2456 vasculum
1082 2424 1263 2455 rotundum
1284 2433 1323 2454 ac
1339 2423 1443 2453 veluti
1458 2421 1578 2452 inflato

885 2478 1004 2505 ventre
1019 2484 1029 2512 ;
1056 2474 1139 2505 varii
1155 2483 1228 2504 cum
1246 2474 1278 2503 in
1300 2472 1440 2509 balneis,
1456 2476 1526 2502 tum
1541 2471 1575 2502 in

885 2523 1009 2554 mensis
1037 2523 1078 2554 ad
1104 2523 1213 2554 oleum
1242 2526 1343 2561 atque
1370 2523 1576 2560 unguentum

885 2581 974 2604 usus.
1019 2572 1243 2610 Quamquam,
1273 2573 1312 2600 ut
1346 2578 1410 2609 ego
1438 2568 1575 2609 quidem

885 2620 1042 2658 arbitror,
1057 2617 1234 2657 ληκυθίζειν
1242 2618 1365 2658 saepius
1380 2617 1423 2649 ad
1437 2617 1575 2649 amoeni-

885 2674 988 2702 tatem
1005 2669 1118 2708 potius
1137 2666 1451 2708 jucunditatemque
1471 2671 1576 2708 atque

885 2711 1036 2750 ornatum
1051 2716 1211 2748 orationis
1222 2717 1392 2757 pertinet;
1413 2726 1490 2749 cnm
1506 2716 1575 2748 vel-

887 2768 933 2798 uti
969 2777 1011 2797 ex
1045 2767 1174 2806 arculis
1196 2767 1392 2807 quibusdam
1422 2766 1577 2807 pictoriis

1416 2823 1434 2849 5
1458 2819 1489 2849 U
