1858 3184
244 228 355 272 1820

243 335 318 368 ditu
341 335 528 376 accipiunt,
557 343 623 367 non
640 335 745 366 solum
762 343 802 366 eo
818 334 876 376 qui
897 344 940 365 ex

242 386 422 418 frumentis
438 391 475 418 et
490 385 725 426 leguminibus,
742 394 858 416 verum
879 385 942 417 eti-

244 445 299 467 am
313 445 354 467 eo
368 436 426 477 qui
441 445 483 467 ex
499 436 591 473 vino,
616 439 676 466 aut
695 444 737 466 ex
761 435 853 466 silvis
876 444 942 466 cae·

243 486 332 526 duis,
344 491 404 518 aut
420 491 523 518 cretae
539 485 666 517 fodinis
676 490 735 516 aut
751 485 941 526 lapicidinis

243 536 398 577 capitur:
437 535 589 577 quinimo
624 536 634 553 ‘
647 534 784 575 fruges'
807 545 827 566 a
854 534 941 566 ‘fru-

244 585 376 617 mento’
401 589 575 626 separant.
609 585 802 617 Torrentius.
837 585 944 616 Multa

235 636 335 675 fruge
359 646 461 676 pecus,
483 635 551 675 &rc-J
573 635 686 666 Multa
712 634 855 676 glande:
881 644 943 676 per

246 685 500 727 Acyrologiam.

291 739 329 767 11
348 736 448 767 Dicas
468 736 635 766 adductum
648 735 789 776 propius]
818 735 945 767 Dicere

245 790 344 827 potes
371 795 489 827 agrum
515 795 625 816 meum
652 790 720 816 tam
744 795 818 817 esse
843 795 945 816 amoe-

246 845 337 872 uum,
351 845 450 877 quam
468 839 521 867 est
533 835 732 867 Tarentum.

289 889 330 918 12
360 887 445 918 Fons
468 886 563 918 etiam
586 886 669 927 rivo]
694 887 839 918 Fontem
855 887 946 918 hunc

247 936 338 968 vinae
351 946 435 974 suae,
447 945 547 977 quem
563 940 601 967 ut
614 945 735 976 purum
748 940 784 968 et
795 936 947 975 illimem,

247 991 286 1018 ut
307 985 468 1027 frigidum
497 995 630 1027 quoque
654 990 689 1017 et
715 986 946 1018 abundantem

247 1036 388 1068 mirifice
403 1036 457 1067 hic
472 1035 698 1077 commendat,
715 1041 750 1067 et
764 1037 774 1053 ⁴
789 1036 852 1068 rivi
865 1037 873 1050 '
889 1046 946 1067 no-

247 1096 326 1118 men
354 1087 477 1118 mereri
498 1086 563 1124 ait;
586 1086 661 1126 ipse
687 1087 794 1118 rivum
813 1087 947 1118 nomine

247 1138 256 1153 ‘
271 1135 491 1177 Digentiam'
521 1135 674 1175 appellat
705 1135 816 1176 Epist.
840 1145 948 1168 xvm.

247 1186 258 1204 ‘
269 1185 412 1218 Rivum'
429 1190 540 1218 autem
553 1196 620 1217 non
637 1196 738 1217 manu
752 1185 879 1219 factum
894 1197 948 1219 ac—

249 1237 497 1278 cipiamus,sed
509 1233 564 1276 qni
582 1237 728 1268 naturali
741 1247 801 1269 suo
818 1237 949 1277 impetu

249 1286 346 1322 fluat,
362 1286 423 1318 ἆπὺ
433 1287 490 1318 τοῦ
499 1287 574 1327 ῥεῖν.
592 1287 735 1318 Torrent.
760 1287 842 1318 Fons
855 1287 949 1318 etium

250 1337 335 1377 rivo]
372 1338 434 1368 Est
462 1338 568 1368 etiam
599 1337 632 1367 in
663 1347 744 1378 agro
771 1347 846 1368 meo
871 1336 948 1369 fons

250 1392 319 1419 tam
332 1387 429 1428 uber,
442 1391 479 1418 ut
491 1387 613 1428 dignus
626 1386 671 1419 sit
684 1388 741 1429 qui
756 1387 949 1428 appelletur

251 1435 386 1468 fluvius.

256 1499 258 1502 >
309 1489 348 1517 13
379 1485 545 1526 Thracam]
567 1486 758 1518 Thraciam.
804 1486 950 1527 Hebrus]

253 1536 507 1568 Gelidissimum
534 1546 610 1568 esse
633 1537 786 1577 oportuit
806 1536 951 1576 fontem,

252 1587 308 1628 qui
325 1596 400 1618 cum
416 1586 534 1618 Hebro
547 1591 681 1618 certare
695 1591 827 1628 posset;
850 1596 951 1628 quem

253 1636 419 1668 Horatius
442 1636 475 1667 iu
501 1636 589 1668 Odis
613 1637 751 1668 'hiemis
779 1636 952 1669 sodalem’

252 1690 368 1722 vocat,
382 1691 419 1717 et
443 1690 453 1704 ‘
465 1686 567 1718 nivali
591 1687 757 1727 compede
782 1687 931 1718 vinctum
944 1686 952 1700 '

255 1736 411 1777 Epistola
442 1745 502 1768 ιιι.
557 1736 701 1777 Hebrus]
731 1736 870 1769 Hebrus
902 1741 955 1769 est

254 1795 396 1827 magnus
410 1784 529 1817 fluvius
547 1786 582 1817 in
597 1786 754 1818 Thracia.

298 1840 339 1868 14
365 1837 456 1868 Fluit
482 1837 587 1876 utilis]
617 1837 720 1868 Nulla
747 1846 865 1868 caussa
893 1843 957 1876 est,

257 1896 319 1918 cur
349 1886 422 1917 haec
447 1886 528 1916 mihi
559 1886 730 1925 scriptura
765 1886 957 1926 displiceat.

257 1936 380 1967 Plures
419 1939 534 1966 tamen
565 1935 639 1966 libri
671 1936 806 1975 liabent,
838 1936 847 1952 ‘
864 1936 958 1968 Fluit

258 1990 360 2025 aptus
377 1989 413 2017 et
430 1986 523 2016 utilis
540 1979 651 2016 alvos
666 1986 810 2017 Tor-rent.
859 1986 957 2017 Utilis

257 2036 342 2076 alvo]
363 2035 529 2067 Salubris.

304 2090 343 2118 1⁵
363 2086 588 2126 Hoelatebrae]
606 2085 692 2126 Agri
707 2086 787 2117 mei.

301 2139 345 2168 16
357 2136 587 2176 Septembribus
601 2135 701 2176 horis]
716 2135 883 2167 Autumni
897 2135 957 2167 ini-

260 2187 344 2220 tium
361 2185 457 2223 dicit,
468 2190 504 2217 et
520 2186 602 2217 illud
618 2186 764 2227 pomiferi
772 2196 869 2226 grove
883 2190 958 2217 tem-

257 2248 316 2279 pus
346 2237 433 2276 unni,
460 2246 538 2268 cum
567 2241 730 2268 nocentes
758 2237 957 2277 corporibus

260 2288 406 2320 Austros
415 2287 605 2319 metuimus.
619 2287 708 2318 Torr.
730 2286 961 2327 Septembribus

264 2338 364 2379 horis]
386 2337 570 2378 Autumno,
594 2337 684 2379 quod
713 2341 848 2378 tempus
879 2337 958 2368 anni

262 2389 408 2421 maxime
424 2393 477 2420 est
491 2387 676 2421 insalubre.

307 2442 347 2470 17
363 2439 411 2470 Tu
425 2441 508 2470 reete
522 2438 617 2480 vivis]
643 2437 798 2470 Laudato
823 2447 903 2469 rure
924 2443 960 2470 et

265 2490 366 2520 animi
382 2490 433 2520 sui
449 2489 643 2525 securitate,
665 2488 808 2520 amicum
823 2497 960 2521 monere

266 2539 460 2578 incipit,ut‚
471 2549 547 2570 cum
564 2539 681 2570 Romae
697 2538 817 2571 beatus
832 2538 875 2570 ab
890 2548 960 2570 om-

266 2588 367 2619 nibus
383 2588 601 2629 audiat,*ipse
617 2588 756 2620 aliorum
773 2588 815 2620 de
831 2598 867 2620 se
889 2588 962 2630 opi-

266 2637 402 2669 nionem
423 2647 498 2668 cnm
515 2648 575 2669 sua
591 2637 756 2679 conferat,
776 2647 839 2670 nec
855 2638 963 2671 beati-

268 2688 420 2720 tudinem
431 2697 450 2718 a
466 2689 593 2720 virtute
609 2694 769 2730 separet:
793 2693 829 2721 et
843 2690 965 2722 Socra-

269 2743 323 2770 tes
334 2736 495 2778 expedita
506 2743 543 2769 et
558 2739 812 2779 compendiaria
822 2739 966 2781 quadam

271 2789 325 2821 via
337 2797 395 2820 eos
409 2786 450 2818 ad
466 2788 607 2829 gloriam
622 2789 800 2829 pervenire
817 2788 969 2830 dicebat,

707 239 848 271 NoTAE
883 239 1143 272 VAR10RUM
1177 240 1228 271 ΙΝ

990 339 1000 353 ·
1013 335 1069 377 qui
1084 335 1119 366 id
1136 339 1288 376 agerent,
1303 339 1341 368 nt
1356 338 1472 378 quales
1494 337 1599 370 videri
1615 340 1684 372 vel-

991 385 1075 425 lent,
1105 386 1189 416 tales
1213 386 1315 417 etiam
1339 387 1476 427 essent,'
1499 386 1644 420 refertur
1666 399 1687 420 a

991 435 1066 466 Val.
1086 435 1176 468 Max.
1194 444 1261 466 vn.
1277 438 1310 468 2.
1324 440 1359 467 et
1374 436 1524 478 AEschyli
1546 436 1590 468 de
1607 437 1688 469 Am-

991 484 1130 524 phiarao
1154 485 1314 516 Senarius
1343 486 1500 519 laudatus
1511 497 1522 518 ε
1557 486 1604 518 Οὔ
1626 486 1688 528 ’γὰρ

992 535 1101 565 δοκοῦν
1116 533 1253 575 ἄριστος,
1269 535 1341 567 ἀλλ’
1357 535 1432 568 εἶναι
1445 535 1540 574 θέλει,
1562 536 1621 569 Vir
1637 546 1690 578 op-
1727 557 1732 563 -

993 585 1087 616 timus
1109 586 1175 616 vult
1191 596 1267 622 esse,
1290 596 1351 617 non
1364 587 1512 619 viderier.
1532 587 1691 618 Torrent.

995 635 1085 670 Quod
1096 635 1200 676 audis]
1222 635 1322 668 Quod
1339 636 1436 668 audis
1453 636 1496 669 de
1513 641 1559 677 te,
1574 636 1609 668 id
1624 639 1692 672 est.

993 684 1082 726 quod
1098 684 1222 715 diceris
1246 694 1336 724 esse,
1351 695 1474 728 nempe
1490 687 1518 718 si
1534 686 1611 719 talis
1635 686 1693 724 sis,

994 735 1129 777 qualem
1147 740 1182 766 te
1207 734 1299 767 fama
1314 740 1478 769 testatur.

1037 789 1077 818 18
1092 787 1466 829 Jactamusjampridem]
1489 787 1609 820 Omnis
1624 788 1696 826 Ro<

995 846 1060 876 ma,
1075 836 1108 867 id
1125 841 1191 876 est,
1212 846 1330 868 omnes
1350 846 1410 869 nos
1427 837 1572 870 Romani
1581 838 1694 879 jacta·

995 897 1069 918 mus
1087 891 1122 918 te
1137 896 1212 918 esse
1229 887 1382 919 beatum.

1039 940 1080 968 19
1097 937 1149 968 Ne
1156 936 1208 968 cui
1221 938 1260 968 de
1270 940 1302 968 te
1314 936 1410 978 plus]
1421 937 1476 969 Ne
1489 937 1564 978 plus
1577 935 1696 969 credas

996 987 1098 1019 alicui
1113 988 1219 1018 multa
1234 986 1277 1018 de
1294 985 1460 1019 felicitate
1487 992 1548 1019 tna
1571 987 1696 1029 predi-

997 1039 1101 1070 canti.
1147 1038 1219 1070 Tibi
1241 1038 1366 1080 credas]
1391 1038 1502 1072 Quam
1519 1037 1696 1071 conscien-

998 1088 1055 1119 tiae
1072 1093 1154 1120 tuae.
1437 1116 1440 1119 ,

1041 1141 1083 1169 2ο
1101 1139 1184 1169 Neve
1193 1140 1282 1178 putes
1294 1137 1392 1168 olium
1409 1136 1547 1177 sapiente
1561 1136 1697 1177 bonoque

998 1187 1133 1228 beatum]
1163 1188 1229 1219 Οὔκ
1245 1187 1330 1219 ἔστιν
1343 1184 1448 1228 ἔτερος
1460 1187 1517 1218 vob
1530 1186 1632 1226 oocpoii
1645 1184 1698 1217 καὶ

998 1237 1116 1277 ἀγαθοῦ
1136 1235 1295 1279 μακάριος.
1330 1237 1483 1278 'Semper
1511 1235 1698 1267 secundum

1000 1288 1199 1320 Graecorum
1216 1288 1249 1318 in
1268 1287 1424 1318 Latinum
1439 1290 1560 1317 mutat.
1595 1285 1698 1317 Hein-

997 1338 1076 1370 sius.
1122 1337 1229 1370 Alium
1241 1335 1397 1377 sapiente]
1417 1335 1474 1367 Sic
1488 1335 1570 1366 alius
1585 1335 1701 1376 Lysip-

998 1397 1049 1428 po,
1065 1397 1126 1428 pro
1141 1396 1241 1428 quam
1258 1386 1436 1427 Lysippus.
1461 1386 1604 1417 Torreat.
1627 1385 1698 1417 Ati-

998 1447 1051 1468 um
1058 1437 1198 1477 sapiente
1210 1435 1361 1477 bonoque]
1377 1435 1488 1467 Alium
1499 1445 1519 1467 a
1532 1436 1698 1477 sapiente,

1000 1487 1035 1519 id
1048 1491 1114 1525 est,
1126 1487 1355 1528 insipientem.

1043 1540 1083 1569 21
1103 1537 1187 1577 Neu,
1198 1538 1226 1568 si
1241 1540 1271 1568 te
1283 1537 1412 1578 populus
1423 1535 1548 1577 sonum]
1571 1535 1700 1567 Osten-

1002 1588 1053 1620 dit
1073 1588 1136 1620 hae
1153 1588 1406 1628 comparatione
1431 1596 1528 1628 aeque
1552 1585 1700 1625 graviter

1003 1647 1149 1680 peccare
1165 1642 1201 1669 et
1217 1647 1287 1677 eos,
1301 1637 1359 1678 qui
1380 1636 1467 1668 falsa
1493 1637 1575 1668 elati
1595 1635 1700 1674 fama,

1004 1699 1065 1720 sua
1082 1689 1163 1720 vitia
1178 1687 1391 1719 dissimulant
1406 1696 1448 1718 ac
1461 1695 1581 1718 curare
1594 1686 1699 1724 negli-

1006 1744 1104 1780 gunt,
1125 1745 1162 1770 et
1187 1748 1244 1770 eos
1265 1737 1324 1779 qui
1343 1742 1555 1779 pra-postero
1570 1736 1701 1778 pudore

1005 1798 1072 1820 una
1085 1787 1371 1819 discumbentium
1382 1788 1496 1819 valere
1507 1796 1545 1818 se
1557 1786 1702 1828 fingunt,

1005 1848 1081 1870 cum
1093 1838 1245 1869 morbum
1255 1837 1422 1869 sentiant:
1439 1846 1492 1868 res
1501 1836 1605 1876 enim,
1613 1836 1702 1877 quod

1007 1889 1115 1926 aiunt,
1144 1889 1177 1918 in
1193 1897 1335 1919 nervum
1351 1887 1513 1927 erumpit,
1528 1895 1651 1927 magno
1666 1890 1703 1917 et

1006 1936 1265 1968 existimationis
1289 1940 1324 1967 et
1339 1935 1543 1966 valetudinis
1565 1935 1702 1976 dispen-

1006 1987 1082 2018 dio:
1100 1995 1181 2025 ergo
1193 1986 1203 2004 ⁴
1215 1984 1306 2026 quod
1319 1984 1389 2026 sis,’
1402 1984 1514 2027 inquit
1524 1984 1594 2026 ille,
1606 1986 1616 2003 ‘
1627 1995 1702 2018 esse

1007 2035 1114 2068 velis-⁹
1135 2035 1277 2066 Torreat.

1048 2089 1091 2118 22
1105 2085 1170 2118 Sub
1184 2089 1303 2127 tempus
1317 2085 1442 2126 edendi]
1458 2084 1604 2118 Circiter
1619 2089 1704 2118 tem-

1007 2146 1071 2178 pus
1085 2136 1221 2169 edendi.

1049 2190 1090 2219 28
1099 2187 1207 2218 Donec
1217 2186 1373 2227 munibus]
1390 2187 1510 2218 Donec
1518 2184 1624 2218 febris
1635 2193 1704 2218 tre-

1007 2247 1101 2269 more
1116 2246 1273 2268 manuum
1287 2237 1434 2278 seipsam
1447 2235 1584 2278 prodat.
1622 2237 1706 2268 Unc-

1008 2288 1064 2329 tis]
1089 2287 1174 2319 Cibo
1188 2286 1313 2318 unctis.

1049 2341 1091 2370 24
1104 2338 1212 2369 Pudor
1221 2338 1321 2368 malus
1330 2338 1433 2368 ulcera
1441 2336 1535 2377 celat]
1550 2335 1703 2368 Vitiosus

1009 2388 1129 2429 pudor,
1140 2387 1199 2428 qui
1211 2391 1305 2417 vetat
1319 2385 1490 2417 facienda.

1051 2441 1092 2470 25
1117 2438 1189 2471 Tibi
1203 2435 1303 2476 terra]
1326 2437 1424 2468 Bella
1439 2436 1499 2469 abs
1515 2441 1550 2469 te
1563 2441 1672 2477 gesta.

1052 2491 1095 2520 26
1125 2487 1240 2529 Dicat]
1271 2487 1432 2518 Enarret.
1487 2486 1609 2518 Vacuus
1636 2495 1707 2528 per-

1010 2540 1142 2571 mulceat
1154 2536 1262 2578 aures]
1282 2535 1394 2568 Aures
1409 2536 1632 2569 assentationi
1647 2546 1707 2578 pa·

1011 2594 1135 2621 tentes.

1055 2641 1096 2671 2⁷
1129 2639 1210 2671 Tene
1234 2637 1351 2678 magis]
1381 2635 1475 2669 Nihil
1503 2636 1611 2678 majus
1645 2645 1707 2677 pro

1013 2689 1146 2731 imperii
1171 2688 1406 2720 incolumitate
1433 2690 1552 2728 optare
1581 2685 1707 2728 potuit,

1015 2749 1116 2781 quam
1140 2743 1290 2770 mutuam
1314 2737 1459 2779 Augusti
1490 2745 1530 2768 ac
1559 2745 1639 2777 pop.
1663 2734 1706 2767 R.

1018 2788 1286 2822 benevolentiam
1318 2796 1454 2819 manere
1494 2789 1706 2827 perpetuam.
