1858 3184
608 253 655 291 Q.
684 251 896 299 nonar-11
927 251 1122 285 tuom.
1161 255 1164 258 ⁴
1478 242 1591 287 19⁵1

181 351 186 385 ῗ
207 349 311 390 1514
339 351 465 404 Epist.
480 350 567 391 libr.
593 361 626 389 1.
640 355 752 389 et-u.
774 361 808 389 ι.
831 361 874 389 a.
889 348 1014 388 Basil.
1036 351 1075 388 4.

204 437 259 444 —
285 414 450 454 Juntina
469 427 522 454 11.
552 413 724 454 Florent.
744 415 783 452 8.

209 479 314 518 1515
341 477 506 532 Epodon
538 477 648 527 liber,
666 476 795 530 ejusd.
815 476 866 516 de
893 477 990 516 Arte
1006 468 1179 529 poetica,
1207 475 1253 516 it.
1286 475 1416 528 Epist.
1434 474 1523 516 libri
1543 490 1595 517 11.

153 542 200 581 In
230 541 358 582 fronte
387 542 557 594 denique
579 541 732 581 Horatii
762 541 843 581 vita
861 553 931 594 per
962 539 1069 579 Petr.
1101 539 1311 581 Crinitum.
1340 540 1515 581 Florem.
1546 553 1596 581 ex

152 604 305 645 uadibus
321 604 527 646 Schurerii.
558 607 715 645 Mense
731 605 824 644 «lan
839 605 1007 656 Argent.
1022 605 1063 643 4.

210 671 313 709 1516
339 670 584 709 Ascensiana
598 682 672 707 111.
674 668 780 707 —ad
800 680 863 708 lv.
880 667 1054 708 Kalend.
1073 666 1216 707 Julian.
1236 667 1411 708 Parthis.
1430 667 1521 708 fol.

203 755 258 763 —-
284 732 431 771 Eadem
450 743 589 771 recusa
605 730 798 772 venetiis.
819 730 909 771 Fol.

200 818 256 827 —-
232 795 427 848 Opera,
444 808 534 836 cum
554 796 659 836 notis
677 796 785 836 Petri
803 795 971 849 Pagani.
989 795 1132 835 Venet.
1152 796 1221 835 sol.

200 881 257 889 —-
280 860 357 898 Ars
376 859 544 912 poetica,
555 860 762 900 Sermones
778 860 872 909 duo,
887 866 929 900 et
940 859 1129 912 Epistola
1144 873 1215 913 per
1230 860 1295 900 Jo.
1311 858 1595 901 Britannicum.

147 921 546 1038 veffit-Essikwlmm
582 986 670 1027 libri
699 1000 751 1027 ιι.
790 986 969 1041 impress.
1000 998 1071 1041 per
1098 986 1355 1028 Melchiorem
1377 987 1591 1028 Lotterum·

151 1049 457 1152 ιἛΖΙὸἒιι-ιιω
477 1115 559 1152 sive
576 1114 791 1153 carminum
819 1114 909 1153 libri
931 1128 993 1154 iv,
1014 1115 1120 1168 apud
1149 1115 1296 1156 Matth.
1329 1115 1593 1173 Schurerium,

152 1175 294 1215 Mense
313 1176 539 1217 Februario.
555 1177 719 1228 Argent.
743 1180 782 1215 4.

206 1240 307 1278 1517
337 1240 566 1279 Sermonum
602 1240 689 1279 libri
725 1241 820 1280 duo.
847 1240 1134 1280 Annotationes
1173 1242 1377 1281 nonnullae
1408 1244 1449 1282 in
1486 1242 1597 1283 ealce

149 1301 330 1354 adjectae,
348 1302 388 1341 in
406 1303 548 1354 quibus
568 1303 716 1356 aliquid
736 1304 969 1344 mutandum
988 1304 1224 1351 ostenditur,
1235 1307 1302 1360 ⁴vel
1321 1318 1391 1345 cur
1402 1312 1596 1346 mutatum

147 1364 211 1411 nit,
230 1364 328 1404 ratio
345 1365 536 1405 redditur.
563 1366 610 1406 T.
624 1366 678 1406 0.
705 1367 764 1406 Ex
780 1367 933 1407 aedibus
951 1367 1096 1406 Matth.
1112 1368 1310 1408 Schureri.
1364 1369 1506 1409 Mense
1524 1370 1594 1409 Ja-

145 1427 297 1468 nuario.
337 1428 499 1481 Argent.
518 1431 560 1469 4.

199 1510 253 1521 --
281 1492 489 1545 Epistolar.
511 1492 599 1532 libri
619 1493 715 1541 duo,
733 1506 797 1546 ap.
817 1495 906 1534 Ja‘c.
921 1494 1094 1534 Tanner.
1115 1494 1267 1547 Liptzk.
1285 1497 1326 1534 4.

204 1556 305 1595 1518
331 1555 500 1596 morales
536 1557 728 1610 Epistolae
764 1572 814 1598 ex
850 1559 956 1598 offic.
976 1559 1121 1599 literat.
1149 1559 1242 1598 Alb.
1275 1559 1470 1600 Pafroedt.
1511 1560 1594 1600 Da·

144 1627 251 1658 vent.
270 1622 313 1661 4.

198 1704 253 1713 —
278 1682 330 1722 de
348 1684 443 1722 Arte
461 1684 617 1736 poetica
634 1685 744 1723 liber.
801 1684 845 1722 In
865 1684 1018 1723 aedibus
1036 1684 1321 1729 Quentelianis.
1350 1685 1493 1724 Colon.
1511 1688 1552 1725 4.

199 1768 255 1776 --
280 1747 471 1786 Poemata
487 1748 632 1786 omnia.
663 1747 792 1798 Lugd.
811 1750 853 1785 8.

199 1830 255 1839 —
280 1810 331 1853 Q.
350 1810 538 1849 Horatius
571 1810 737 1849 Flaccus
775 1822 867 1849 eum
903 1816 1160 1850 commentar.
1212 1810 1357 1851 Matth.
1398 1812 1591 1869 Bonfinis.

151 1872 278 1924 Lugd.
298 1874 338 1912 8.

205 1935 309 1974 1519
335 1933 579 1976 Αεοειιὲὶαιια
609 1947 673 1975 1v.
707 1936 872 1984 auctior,
903 1941 996 1974 cum
1030 1942 1259 1976 commentt.
1298 1939 1389 1979 Aer.
1442 1938 1589 1992 Porph.

147 1998 283 2037 Mane.
305 1997 432 2046 Badii,
450 1998 510 2038 M.
530 1998 719 2047 Bonfinis,
733 2006 774 2038 et
789 1998 882 2038 Aldi
899 1998 1012 2038 Man.
1031 1999 1205 2039 Parthis.
1223 2001 1295 2041 fol.

197 2083 252 2091 —
269 2055 366 2101 'cum
384 2074 526 2101 comm.
559 2062 651 2104 Aer.
680 2062 828 2116 Porpb.
857 2064 1113 2116 aliorumque,
1145 2064 1271 2104 Paris.
1302 2078 1375 2118 per
1405 2066 1523 2120 Nyon
1549 2074 1591 2107 et

147 2122 323 2178 Gnillyn.
344 2126 431 2167 Fol.

195 2211 250 2219 —
275 2190 408 2242 Opera
424 2204 513 2233 cum
534 2203 597 2230 xv.
614 2196 840 2231 commentt.
857 2191 964 2243 apud
982 2191 1048 2233 Jo.
1069 2191 1253 2232 Parvum.
1276 2193 1400 2233 Paris.
1423 2195 1511 2235 Fol.

199 2275 254 2283 —-
278 2266 368 2293 cum
384 2267 427 2294 v.
446 2256 750 2296 commentariis.
776 2258 936 2308 (praeter
954 2256 1045 2296 Aer.
1072 2256 1220 2309 Porph.
1242 2256 1378 2297 Mane.
1400 2265 1440 2297 et
1461 2258 1587 2313 Laud.

143 2314 235 2355 illos
254 2317 435 2356 Ascensii
452 2318 602 2368 habet.)
621 2319 749 2370 Lugd.
768 2320 837 2359 fol.

198 2401 255 2410 -
278 2380 424 2419 Aldina
458 2393 532 2420 111.
564 2394 653 2420 cum
688 2383 800 2434 praef.
840 2383 981 2422 Franc.
1019 2382 1201 2432 Asulani‚
1239 2383 1345 2436 apud
1374 2383 1520 2423 Aldum
1550 2391 1590 2424 et

149 2440 272 2482 Andr.
283 2450 368 2482 soe.
393 2443 534 2482 Venet.
551 2440 593 2482 8'.

201 2523 255 2533 —-
281 2505 444 2544 Juntina
464 2519 536 2544 111.
556 2506 661 2558 apud
680 2507 783 2547 Phil.
802 2509 981 2549 Juntam.
1001 2508 1177 2548 Florent.
1200 2511 1238 2548 8.

155 2596 158 2597 γ
205 2567 308 2606 1520
333 2579 424 2606 cum
453 2569 738 2610 commentariis
764 2584 834 2623 per
863 2573 969 2611 Guil.
991 2572 1255 2611 Fontanetum
1276 2571 1326 2611 de
1369 2569 1587 2632 Montefer-

148 2636 247 2669 rato.
290 2630 342 2670 D.
363 2643 447 2670 vn.
478 2632 598 2683 April.
643 2634 783 2675 Venet.
801 2636 870 2675 sol.

202 2716 256 2723 —
282 2693 481 2743 Ροὲιιιαῖει,
518 2709 608 2735 cum
639 2700 877 2750 argumentis
897 2697 1059 2748 Georgii
1093 2698 1271 2738 Fabricii.
1311 2700 1417 2754 Lips.
1437 2701 1585 2743 8.=——G.

149 2755 349 2804 Fabricius
370 2759 531 2799 Horatio
550 2772 706 2812 operam
719 2764 923 2816 egregiam
940 2757 1114 2810 navarit,
1138 2760 1298 2816 suisque
1318 2766 1582 2818 -Argumerrtis
