1858 3184
258 219 367 260 1784

255 326 320 353 tam
341 321 456 353 secere
483 322 642 363 impet-iti.
676 325 817 356 Tor-rent.
869 324 950 355 Bru-

256 374 322 402 tum
336 370 411 411 tibi]
435 371 613 403 Assumam
627 373 688 404 tibi
703 373 848 405 sodaleis
865 374 950 404 Bru-

256 425 341 457 tum,
355 421 571 462 Septimium,
586 422 760 461 Sabinum,
775 425 839 454 &c-

299 474 342 503 28
363 471 466 503 Locus
479 472 540 512 est]
564 473 686 504 Mensa
707 477 818 504 nostra
841 482 950 513 capax

257 525 309 553 est
324 522 481 562 plurium,
505 532 587 564 quos
611 527 647 555 te
669 524 764 565 sequi
788 524 894 563 voles,
908 533 950 554 ne

255 571 474 604 incomitatus
515 574 652 605 venias:
695 583 759 605 uon
788 573 950 604 invitatos

257 623 346 653 enim
376 622 556 653 ‘umbras'
589 624 760 655 nominare
796 624 952 655 solemus.

260 672 358 713 Cruq.
417 673 557 713 Umbris]
587 674 746 705 Convivis
774 683 840 705 non
866 674 951 705 iuvi-

256 722 350 754 tatis.

299 775 342 803 29
369 773 471 804 Nimis
489 776 577 805 arcta
598 774 757 814 premunt]
782 773 849 805 Ubi
868 775 951 805 mul-

256 822 370 854 titudo
397 827 451 854 est
475 824 690 856 convivarum
714 829 809 856 arcte
833 825 953 856 seden-

256 871 354 910 tium,
368 871 413 903 ibi
431 874 558 904 alarum
578 873 661 905 odor
687 875 800 915 gravis
826 874 954 905 existit.

260 922 387 962 Cuprae]
419 923 428 940 ‘
447 922 607 955 Hircum’
636 930 735 956 vocat
757 925 865 966 Epod.
885 933 954 956 ΧΠ.

257 975 267 989 ·
285 971 410 1003 Gravis
423 972 560 1004 hirsutis
572 974 676 1005 cubet
689 974 803 1006 hircus
818 975 851 1005 in
867 973 955 1006 alis.’

256 1020 342 1053 Ideo
365 1026 478 1054 autem
494 1022 700 1055 Aristoteles
717 1025 786 1056 alas
802 1025 955 1065 corporis

258 1075 392 1111 partem
407 1072 553 1103 maxime
565 1073 751 1105 abstrusam
767 1073 888 1105 foetere
905 1074 954 1105 di-

258 1120 319 1160 cit,
346 1121 436 1162 quod
458 1122 580 1162 spiritu
606 1128 777 1164 ventoque
800 1134 864 1155 uon
884 1125 956 1165 agi-

258 1174 387 1203 tentur.
431 1171 638 1203 Pererudite
660 1172 764 1212 igitur
790 1173 956 1210 Catullus,

258 1220 322 1252 sub
352 1221 478 1251 alarum
507 1222 592 1252 valle
623 1222 833 1254 habitantem
864 1223 957 1254 illum

259 1279 399 1310 caprum
425 1275 553 1311 pestem
570 1280 725 1303 nasorum
743 1272 852 1313 fingit.
897 1274 958 1304 Cu-

255 1319 340 1360 proe]
363 1320 479 1351 Foetot·
495 1321 558 1351 sub
574 1321 697 1352 axillis.

303 1372 345 1401 30
370 1370 500 1406 Quoties
513 1381 577 1403 esse
591 1371 685 1412 velis]
712 1371 769 1403 Ita
784 1371 956 1404 Martialis

259 1419 295 1451 in
311 1420 501 1452 Disticbis:
524 1422 534 1438 ⁴
552 1421 618 1452 Dic
639 1426 760 1463 quotus
785 1426 819 1453 et
841 1422 957 1462 quanti

260 1470 377 1511 cupias
400 1469 558 1502 coenare.'
603 1471 686 1502 Erat
709 1480 816 1503 coenae
841 1480 958 1512 genus,

260 1529 337 1560 quae
353 1519 491 1551 honoris
512 1530 632 1552 caussa
657 1521 715 1552 uni
740 1525 884 1561 tantum,
898 1520 957 1552 sed

260 1569 420 1601 adductis
436 1574 518 1611 quot
538 1571 642 1602 vellet
664 1570 804 1607 umbris,
828 1570 958 1611 praebe-

261 1619 376 1651 batur.
413 1619 554 1652 Torreat.
618 1620 738 1656 Quotus
769 1630 833 1652 esse
867 1620 959 1661 velis]

261 1669 357 1702 Quos
384 1669 529 1700 sodaleis
558 1671 644 1701 velis
674 1670 800 1702 vocari.
859 1670 960 1702 Rebus

261 1718 397 1759 omissis]
428 1719 546 1750 causis
575 1725 611 1751 et
636 1720 782 1761 negotiis
812 1720 878 1752 tuis
908 1730 960 1751 re-

261 1768 363 1800 lictis.

306 1821 344 1849 at
373 1818 515 1858 postico]
545 1817 735 1859 Ψευδόθυρσν
761 1818 878 1851 Graeci
904 1829 960 1851 vo-

263 1873 353 1899 cant.
375 1867 423 1898 At
437 1868 581 1898 Plautus
597 1870 607 1885 ‘
621 1869 823 1907 posticulum
838 1869 847 1882 '
863 1869 961 1908 dixit,

260 1918 271 1935 ⁴
289 1917 487 1958 posticulam
499 1916 508 1929 ⁹
526 1926 605 1948 vero
622 1917 816 1948 Petronius.
845 1917 960 1958 Atque

262 1968 312 1998 ita
328 1966 588 2007 intelligendum
603 1966 686 1998 illud
701 1967 855 2006 Virgilii:
880 1968 890 1984 ‘
907 1967 961 1998 Li·

263 2027 340 2048 men
355 2022 440 2053 erat,
461 2027 630 2059 caecaeque
645 2017 751 2057 fores,
768 2022 804 2048 et
824 2018 960 2058 pervius

263 2077 343 2098 usus
358 2067 541 2098 'rectorum
558 2069 649 2098 inter
659 2076 695 2099 se
709 2066 860 2097 Priami.’
885 2068 960 2098 Tor-

261 2120 343 2149 rent.
366 2115 589 2156 Ponticosalle]
605 2117 674 2148 Per
686 2117 853 2157 posticum
866 2127 962 2156 egre-

264 2165 360 2206 dere,
374 2171 410 2197 et
435 2166 596 2198 clientem
624 2170 719 2196 tuum
741 2166 826 2205 late,
846 2165 904 2206 qui
927 2166 961 2196 in

264 2216 382 2247 domus
405 2220 474 2248 tuae
498 2216 584 2248 atrio
606 2220 640 2248 te
662 2220 825 2256 expectat
846 2220 883 2246 et
903 2215 961 2246 ob-

264 2271 390 2298 servat.
415 2265 583 2306 clientem]
599 2266 694 2298 Falle
709 2265 887 2297 Moschum
903 2264 962 2306 (de

263 2325 330 2356 quo
345 2314 465 2357 supra)
480 2317 533 2347 vel
548 2316 701 2358 quemvis
716 2316 828 2347 alium.

266 2366 385 2398 ΕΡιετ.
401 2375 452 2398 vr.
476 2365 533 2397 AD
550 2366 762 2398 Numerum.
794 2365 888 2397 Nihil
904 2364 961 2396 ad-

308 2417 421 2448 mirari
444 2426 514 2449 rem
535 2417 612 2448 esse
634 2417 732 2452 dicit,
749 2426 822 2457 quae
839 2424 960 2457 prope-

307 2467 442 2498 modum
467 2468 539 2498 sola
559 2467 601 2498 ad
619 2467 697 2498 vitae
716 2466 961 2498 beatitudinem

308 2517 474 2557 conferat,
487 2526 587 2558 quum
600 2517 750 2549 homines
763 2526 829 2548 non
840 2526 880 2547 ea
891 2521 964 2547 tan-

310 2571 381 2597 tum
398 2576 474 2607 quae
498 2567 652 2607 cupiunt,
674 2566 734 2598 sed
757 2567 860 2598 etiam
885 2576 960 2607 quae

309 2617 429 2648 timent
456 2617 521 2648 illis
543 2618 727 2658 contraria,
745 2617 866 2649 eodem
890 2616 961 2649 fere

308 2667 408 2698 modo
422 2667 608 2698 mirentur:
632 2678 747 2699 verum
765 2677 807 2699 ex
824 2667 877 2708 iis,
889 2667 962 2709 qui-

311 2718 374 2749 bus
390 2717 567 2749 admiratio
582 2712 809 2758 cupiditatem
829 2717 963 2757 incitat,

310 2768 392 2800 alios
408 2767 498 2799 aliud
514 2772 677 2808 expetere
691 2779 698 2799 :
717 2777 832 2800 omnes
849 2772 962 2800 autem

712 232 851 263 NO'l'AE
887 231 1145 263 VARIORUM
1182 233 1231 264 ΙΝ

1044 325 1174 357 frustra
1200 327 1234 357 in
1265 335 1305 357 eo
1332 325 1549 365 felicitatem,
1573 337 1647 368 quae
1677 337 1696 358 a

1045 376 1116 406 sola
1131 375 1258 408 virtute
1274 376 1414 417 pendet,
1429 377 1608 408 collocare.

1046 425 1132 458 Quis
1163 424 1307 467 Augusti
1337 431 1491 468 tempore
1522 426 1698 459 Numicius

1003 473 1067 505 iste
1092 473 1209 511 fuerit,
1233 476 1274 506 ad
1304 485 1404 517 quern
1435 481 1504 506 tam
1531 475 1698 507 eruditam

1003 523 1139 564 scripsit
1156 524 1345 564 Epistulam
1367 525 1544 564 Horatius,
1565 534 1633 556 non
1650 523 1700 555 fa·
1732 564 1738 569 ι

1002 573 1067 603 cile
1080 573 1235 604 dixerim.
1271 574 1364 605 Nota
1379 584 1462 615 gens
1479 575 1650 615 Numiciu,
1664 579 1701 605 et

1004 622 1138 662 quidem
1155 622 1312 664 patricia,
1327 633 1395 655 non
1414 623 1559 664 plebeia,
1573 629 1611 656 ut
1627 624 1701 665 qui-

1003 672 1079 703 dam
1097 674 1229 712 volunt,
1245 683 1264 704 e
1280 683 1348 714 qua
1371 683 1492 714 nempe
1515 674 1640 704 (tonant
1659 674 1700 704 T.

1003 723 1180 754 Numicius
1194 723 1332 754 Priscus
1346 733 1422 755 cum
1437 723 1643 763 A.Virgiuio
1657 723 1701 754 A.

1004 772 1048 803 U.
1065 773 1103 804 C.
1119 781 1311 804 ccxxcnn.
1331 773 1426 804 dicta
1441 782 1461 804 a
1477 772 1623 806 Numi-o
1641 782 1701 804 seu

1005 823 1165 854 Numicio
1182 824 1270 855 Latii
1286 822 1403 862 fluvio,
1419 822 1524 854 AEnea
1539 827 1575 854 et
1588 821 1699 854 Annae

1004 873 1171 904 Perennae
1186 873 1424 914 indigitatione
1436 871 1554 912 nobili,
1565 871 1656 903 unde
1667 876 1704 903 et

1004 932 1126 963 nquam
1150 923 1264 954 Vestae
1298 922 1469 954 libandam
1497 927 1617 962 petere
1645 930 1701 953 ne-

1005 981 1099 1002 cesse
1115 976 1201 1003 erat.
1223 972 1346 1012 Virgil.
1358 971 1493 1003 AEneid.
1508 980 1575 1002 vu-
1590 971 1600 988 ‘
1614 971 1703 1003 Haec

1005 1020 1110 1052 fontis
1135 1026 1256 1061 stagna
1279 1020 1437 1053 Numici?
1481 1021 1603 1062 Neque
1621 1020 1704 1051 illud

1005 1071 1150 1102 omisero
1165 1071 1198 1102 in
1215 1071 1444 1103 vetustissimo
1460 1071 1578 1103 codice
1600 1070 1706 1110 serip-

1006 1125 1077 1151 tum
1095 1121 1237 1160 reperiri
1250 1121 1338 1153 bunc
1353 1121 1500 1161 titulum,
1514 1120 1570 1152 Aa
1589 1120 1704 1151 Nunti-

1005 1170 1088 1201 ct'um
1101 1171 1139 1201 de
1150 1170 1321 1210 cupiditate
1332 1180 1345 1207 ,·
1361 1179 1426 1202 nec
1436 1170 1524 1201 male
1535 1169 1691 1212 equidem
1700 1192 1709 1209 ,

1007 1224 1045 1250 ut
1060 1229 1136 1250 mox
1155 1219 1354 1252 videbimus.
1379 1220 1521 1252 Tor-rent.

1051 1271 1065 1299 1
1086 1269 1144 1300 Nil
1158 1268 1326 1308 admirari]
1342 1269 1441 1302 Quod
1459 1269 1538 1300 vitae
1551 1268 1703 1300 humauae

1006 1317 1211 1350 felicitatem
1226 1319 1259 1349 in
1275 1318 1505 1350 admirationis
1523 1318 1708 1358 vacuitate,

1008 1377 1107 1410 quam
1123 1367 1336 1407 ἂθανμαστίαν
1350 1373 1474 1400 vocant
1489 1368 1615 1406 Graeci,
1627 1377 1709 1400 eon·

1007 1418 1118 1449 stituit
1134 1428 1144 1457 3
1179 1427 1245 1449 nou
1276 1417 1320 1449 de
1351 1427 1562 1459 quacumque
1591 1427 1706 1449 rerum

1008 1467 1232 1498 admiratione
1262 1467 1406 1507 intelligi
1435 1467 1563 1499 debere
1592 1468 1708 1500 existi·

1008 1517 1167 1548 mandum
1191 1523 1256 1549 est.
1299 1518 1368 1549 Sed
1385 1527 1461 1549 cum
1481 1518 1546 1549 alia
1559 1518 1593 1549 iu
1609 1518 1708 1551 nobis

1009 1568 1074 1599 sita
1088 1568 1169 1608 sint,
1183 1568 1250 1600 alia
1273 1578 1352 1599 vero
1375 1573 1474 1600 extra
1489 1577 1550 1600 nos
1572 1569 1708 1609 posita;

1008 1619 1082 1650 haec
1110 1619 1138 1650 si
1162 1619 1210 1650 ita
1240 1619 1458 1659 admiramur,
1486 1624 1525 1650 ut
1551 1625 1709 1660 optemus

1008 1668 1109 1699 etiarn
1125 1673 1160 1700 et
1175 1669 1363 1710 cupiamus,
1384 1674 1444 1700 aut
1467 1669 1516 1701 eis
1539 1670 1710 1701 contraria

1007 1723 1211 1760 metuamus,
1230 1719 1313 1750 elati
1335 1718 1460 1759 gaudio
1482 1719 1510 1750 si
1532 1719 1711 1760 consequi-

1008 1778 1095 1804 mur,
1120 1769 1249 1809 dejecti
1278 1768 1398 1801 dolore
1423 1769 1450 1800 si
1479 1768 1710 1808 frustramnr3

1009 1818 1167 1859 qnoniam
1182 1818 1261 1848 hinc
1277 1827 1399 1858 graves
1414 1818 1568 1851 existunt
1583 1819 1711 1851 animo-

1010 1877 1083 1897 rum
1111 1872 1236 1906 motus,
1252 1877 1293 1898 ex
1314 1867 1525 1908 singulorum
1541 1868 1710 1901 hominurn

1010 1916 1268 1956 perturbatione
1298 1916 1376 1947 taedi
1410 1917 1597 1948 communis
1628 1919 1708 1949 vitae

1009 1965 1211 1996 societatem
1229 1974 1269 1995 ac
1285 1964 1429 1995 convelli
1448 1965 1709 2006 Rempublicam

1008 2023 1149 2045 necesse
1165 2019 1229 2045 est.
1252 2014 1340 2045 Fons
1354 2014 1456 2053 igitur
1468 2015 1631 2047 malorum
1643 2026 1710 2048 nou

1010 2072 1080 2098 tam
1105 2066 1283 2097 admiratio
1310 2070 1376 2101 est,
1400 2076 1499 2108 quam
1523 2067 1603 2099 inde
1629 2073 1712 2100 nata

1010 2116 1178 2157 cupiditas
1205 2116 1279 2156 ejus
1310 2116 1371 2156 rei,
1385 2126 1473 2158 quae,
1489 2127 1565 2148 cum
1589 2118 1621 2149 in
1650 2123 1710 2151 tua

1011 2177 1078 2199 non
1103 2168 1150 2198 sit
1177 2171 1357 2208 potestate,
1374 2177 1416 2198 ne
1439 2168 1560 2199 leviter
1574 2169 1709 2210 quidem

1011 2222 1046 2249 te
1070 2216 1207 2249 afficere
1236 2217 1425 2257 debuerat;
1450 2222 1581 2250 tantum
1602 2219 1711 2256 abest.

1011 2272 1050 2300 ut
1077 2266 1206 2308 affligat
1231 2277 1273 2299 ac
1295 2272 1455 2300 maceret.
1501 2268 1588 2301 Haec
1606 2269 1712 2310 igitur

1010 2318 1069 2349 illa
1082 2318 1270 2349 Democriti
1286 2316 1490 2358 ἆθαυμαστία,
1501 2328 1599 2359 quam
1617 2328 1712 2360 pres-

1011 2369 1079 2400 sius
1095 2368 1247 2400 declarat
1261 2368 1398 2399 Horatii
1414 2377 1532 2399 versus
1545 2378 1589 2399 ex
1602 2369 1711 2409 Epist.

1011 2428 1038 2449 1.
1055 2418 1064 2435 ‘
1076 2418 1131 2450 Ne
1147 2427 1244 2449 cures
1261 2427 1302 2448 ea
1317 2427 1394 2458 quae
1408 2418 1514 2449 stulte
1529 2417 1660 2448 miraris
1675 2422 1711 2448 et

1011 2467 1132 2508 optas.'
1164 2468 1244 2499 Non
1259 2476 1392 2498 omnem
1409 2466 1497 2498 enim
1514 2466 1710 2498 admiratio-

1011 2528 1088 2550 nem
1105 2518 1233 2559 culpat‚
1249 2517 1307 2548 sed
1328 2526 1402 2548 eam
1424 2527 1500 2559 quae
1524 2517 1631 2549 stulta
1653 2518 1710 2557 sit,

1011 2573 1048 2599 et
1064 2568 1104 2599 ad
1124 2572 1202 2599 vota
1226 2566 1414 2608 procedat;
1436 2567 1536 2607 cujus
1554 2567 1710 2599 vacuitas

1011 2618 1094 2648 nulli
1109 2617 1224 2656 facile,
1240 2616 1303 2648 nisi
1320 2615 1477 2658 perfecto
1496 2616 1570 2658 jam
1595 2616 1709 2648 Philo-

1011 2668 1130 2707 sopho,
1145 2666 1327 2706 contingit.
1372 2667 1461 2708 Lege
1473 2666 1552 2697 Pet.
1561 2666 1709 2697 Victorii

1011 2717 1094 2748 Var.
1125 2717 1220 2748 Lect.
1248 2724 1365 2748 xxxv.
1397 2719 1430 2748 6.
1460 2716 1602 2748 Tment.
1650 2715 1711 2747 Nil

1010 2766 1179 2808 admirari]
1202 2767 1311 2799 Nullis
1329 2766 1429 2798 animi
1443 2765 1709 2807 perturbationi-
