1858 3184
241 240 354 282 1878

242 343 461 376 similitudine
476 347 674 375 monstrosae
690 343 848 384 picturae.
870 342 941 374 Pis·

243 398 339 427 mcor.

287 447 304 475 l
331 443 476 475 Humano
490 442 602 484 capiti]
636 442 728 483 Apte
751 442 806 474 hic
833 442 942 473 Hora-

245 495 311 526 tius
334 493 478 525 Poetam
504 502 579 524 cum
603 492 737 533 pictore
759 492 943 531 commisit,

245 547 392 585 cognata
407 544 494 574 enim
518 542 692 582 utriusque
715 547 795 574 sunt
818 541 943 580 munia,

245 594 486 634 expressitque
510 590 593 622 illud
618 591 820 623 Simonidis:
843 592 944 623 ‘Pic-

248 648 357 675 turam
385 642 526 673 tacitam
551 651 627 673 esse
652 641 795 674 Paesin:
821 642 943 674 Poesin

247 702 329 723 vero
365 691 560 732 loquentem
605 691 796 732 picturam)
834 692 943 723 Nunn.

249 744 398 775 Humano
434 742 532 783 cupiti
559 742 721 783 cervicem,
750 743 820 784 Sym]
856 743 947 775 Huic

248 798 413 832 monstro,
434 793 532 834 cujus
555 799 670 833 partes
694 791 856 824 differunt
871 802 946 834 spe-

249 845 314 884 cie,
326 843 477 875 formaet
486 847 618 882 natura,
632 843 740 874 simile
753 847 804 874 est
816 842 947 884 poiima,

248 893 336 935 quod
354 902 422 924 non
449 897 585 924 constat
611 901 654 923 ex
680 892 834 933 partibus
857 893 946 934 aptis

250 948 285 975 et
299 943 389 974 inter
400 952 440 974 se
456 941 747 974 convenientibus.

292 996 313 1024 2
342 991 471 1032 Varias]
499 992 601 1025 Quali
617 991 784 1022 varietate
800 1000 836 1022 se
852 1000 948 1021 orna-

252 1047 349 1074 verat
361 1042 535 1074 cornicula
551 1041 608 1072 illa
622 1040 790 1081 AEsopica.
837 1041 951 1072 Varias

251 1091 411 1132 inducere]
427 1093 565 1123 Plumas
577 1100 620 1123 ex
634 1091 736 1122 variis
748 1091 867 1123 avibus
883 1093 950 1124 col-

252 1142 371 1173 lectas.

295 1193 315 1222 3
344 1191 487 1232 Undique
511 1191 631 1222 collatis
652 1190 811 1232 membris]
844 1191 954 1222 Mem·

253 1240 322 1271 bris
351 1251 395 1272 ex
424 1241 580 1272 omnibus
614 1242 815 1272 animalibus
845 1246 882 1272 et
911 1251 953 1272 ex

253 1291 372 1330 quovis
398 1291 570 1322 elemento
600 1292 790 1331 corrogatis
821 1291 862 1322 ad
893 1291 955 1322 hoc

253 1343 440 1370 monstrum
455 1340 742 1371 constituendum.
775 1341 893 1371 Atrum
905 1342 956 1371 de-

253 1389 339 1421 sinat
353 1389 388 1419 in
400 1390 530 1430 piscem]
553 1389 594 1420 In
611 1390 738 1430 piscem
755 1389 956 1423 deformem.

298 1443 318 1470 4
340 1439 494 1482 Super-ne]
517 1439 547 1471 A
564 1445 661 1481 parte
676 1442 862 1481 superiore.

299 1493 318 1521 5
357 1489 537 1530 Spectatum
573 1491 702 1521 admissi
738 1491 850 1531 risum]
903 1491 957 1523 Ad

257 1539 480 1579 spectandum
505 1539 662 1579 adhibiti,
685 1550 705 1571 ο
728 1540 888 1582 Pisones,
914 1542 958 1573 ri-

258 1598 331 1620 sum
348 1594 465 1620 tenere
482 1589 635 1631 possitis,
650 1590 801 1632 quamvis
817 1591 867 1623 illi
888 1592 958 1634 pic-

259 1640 324 1671 tori
339 1639 415 1671 sitis
431 1639 553 1671 amici?

301 1693 322 1721 6
347 1690 475 1721 Credite
504 1690 651 1732 Pisonen]
699 1691 959 1732 Calpurniorum

258 1749 382 1772 nomen
410 1744 462 1771 est
485 1740 572 1772 Piso.
617 1740 659 1772 In
686 1750 726 1772 ea
745 1741 834 1773 enim
857 1747 961 1782 gente

260 1791 478 1832 reperiuntur
507 1790 673 1822 Pisones:
704 1792 738 1823 in
767 1801 834 1833 qus
863 1792 962 1824 multi

262 1841 417 1881 praeclari
429 1841 490 1871 viri
500 1842 720 1882 exstiterunt,
730 1842 875 1873 maxime
885 1847 962 1883 post

262 1890 388 1921 bellum
416 1890 679 1922 Macedonicum
703 1893 743 1923 L.
770 1893 849 1923 Piso
870 1899 905 1924 et
922 1893 961 1924 C.

262 1940 345 1970 Piso
362 1939 459 1971 Coss.
483 1950 625 1980 quorum
643 1941 696 1971 hic
715 1942 889 1973 Ciceronis
905 1952 962 1983 ge-

262 1999 346 2028 ner;
371 1990 427 2021 ille
443 1990 478 2021 in
494 1991 662 2022 Caessrem
678 1991 878 2023 affinitatem
895 1997 964 2024 tra-

263 2039 373 2072 duxit.
419 2040 487 2071 Hic
514 2050 615 2081 porro
637 2042 765 2072 mentio
788 2041 831 2072 de
849 2042 911 2074 Cn.
926 2047 963 2074 et

264 2090 304 2122 1..
321 2089 516 2129 Pisonibus,
542 2091 599 2131 qui
617 2091 679 2122 sub
694 2090 853 2132 Augusto
869 2092 964 2123 vixe-

265 2144 357 2172 runt.
402 2139 464 2171 Isti
476 2140 673 2178 tabulaesore
684 2141 811 2183 librum]
843 2142 963 2175 Qualis

267 2190 382 2222 tabula
399 2190 589 2231 prodigiose
612 2190 773 2232 depicta:
800 2192 866 2223 tale
885 2191 963 2232 poe-

266 2250 322 2272 ma
346 2240 438 2282 quod
464 2245 538 2272 arte
565 2247 696 2282 careat,
725 2251 840 2274 secum
866 2243 966 2284 quasi

268 2296 413 2332 pugnet,
437 2291 549 2333 qualia
572 2290 648 2322 fere
669 2297 748 2323 sunt
770 2291 966 2324 febricitan-

268 2344 352 2373 tium
389 2341 519 2372 somnia
562 2345 777 2383 spectraque.
823 2343 966 2375 Torrent.

268 2391 332 2422 Isti
347 2390 476 2432 tabula]
497 2390 561 2423 Isti
573 2395 726 2423 monstro
741 2391 892 2433 depicto.

311 2443 331 2472 7
353 2442 440 2472 Velut
453 2440 549 2482 egri]
570 2441 650 2473 Sive
665 2441 789 2481 animo,
804 2443 877 2474 sive
893 2452 967 2475 cor-

269 2500 366 2531 pore,
380 2500 438 2522 seu
456 2486 614 2532 utroque.
644 2491 731 2523 Nam
747 2497 784 2524 et
795 2492 966 2525 ebriorum

271 2545 308 2571 et
329 2541 535 2572 solicitorum
557 2540 727 2583 animique
741 2543 915 2574 noxiorum
931 2549 968 2576 et

270 2589 358 2621 febri
375 2592 515 2632 aliisque
528 2591 653 2623 morbis
664 2592 823 2633 gravibus
833 2602 968 2635 correp·

272 2645 383 2671 torum
407 2642 536 2672 somnia
551 2642 643 2673 varie
665 2642 832 2675 illudunt:
853 2643 967 2676 ‘Som-

251 2693 255 2696 ’
273 2689 350 2720 nia’
372 2690 461 2721 enim
486 2695 494 2709 ⁸
513 2691 626 2723 fallaci
642 2693 765 2725 ludunt
789 2696 971 2727 temeraria

274 2738 396 2770 nocte!
426 2739 530 2772 ovid.
557 2741 650 2782 AEgri
679 2752 761 2784 ergo
787 2744 897 2776 animo
921 2745 972 2776 di·

275 2794 398 2822 cuntur
417 2790 518 2830 vulgo
537 2793 783 2830 melancholici.
800 2796 881 2836 aegri
897 2805 971 2828 cor-

704 249 844 280 NOTAE
878 246 1142 279 VARIORUM
1177 247 1228 278 ΙΝ

995 351 1090 382 pore,
1106 340 1240 382 aegroti.
1258 340 1382 372 Piscut.
1418 339 1510 371 Velut
1523 340 1603 380 egri
1615 351 1692 379 εφη-

993 392 1063 432 niu]
1086 391 1200 423 Veluti
1219 391 1348 422 somnia
1363 389 1692 433 febricitantis‚qtsa

995 452 1083 473 vana
1098 446 1176 472 sunt
1193 446 1225 472 et
1240 441 1303 472 sibi
1316 450 1383 472 non
1399 444 1571 471 constant.
1640 440 1641 443 ’

1037 495 1058 523 8
1087 492 1132 523 Ut
1143 501 1198 522 nec
1210 500 1277 532 pes,
1292 501 1348 522 nee
1361 493 1453 531 capue
1477 488 1548 530 uni]
1571 489 1621 521 Ut
1635 497 1694 520 ne-

998 551 1064 582 que
1078 541 1153 573 finis
1168 551 1280 583 neque
1294 541 1496 582 principium
1505 539 1563 571 uni
1575 539 1694 572 t'ormae
1713 563 1719 569 .

1000 592 1206 632 respondeat
1228 592 1462 632 proportione.
1510 590 1574 622 Um·
1586 592 1697 623 reddu-

999 644 1051 673 tur
1063 641 1196 681 formae]
1218 642 1326 672 Unius
1349 642 1436 673 certi
1462 641 1617 672 animalis
1637 645 1698 672 ant

1001 693 1114 732 operis
1131 691 1249 723 formae
1277 691 1508 732 respondeat3
1531 691 1573 722 ad
1598 698 1698 722 unam

1000 743 1087 774 certi
1104 743 1257 784 corporis
1267 742 1407 774 formam
1419 742 1600 783 pertineat.
1626 742 1700 773 Pis·

1000 795 1099 823 eaeor.

1043 845 1064 873 9
1090 843 1267 875 Pictor-ibus
1301 846 1394 885 utque
1424 842 1548 883 Poetis]
1583 842 1700 883 Fingit

1003 892 1150 933 aliquem
1173 893 1235 924 sibi
1266 893 1498 925 adversarium
1526 892 1702 932 Horatius,

1002 942 1175 983 utiturque
1188 943 1302 983 specie
1319 942 1509 984 dialogismi
1533 947 1593 974 aut
1608 942 1699 974 ἄνου-

1002 993 1153 1032 ποφορᾶς.
1181 993 1323 1034 Magna,
1335 994 1417 1025 dicit
1432 993 1500 1032 ille,
1515 992 1701 1024 Poetarum

1004 1049 1106 1084 atque
1124 1044 1293 1083 pictorum
1308 1053 1444 1083 semper
1458 1044 1599 1075 libertas
1613 1044 1703 1075 exti-

1006 1092 1069 1124 tit:
1093 1102 1159 1123 non
1175 1102 1255 1133 ergo
1278 1093 1460 1125 Horatium
1477 1093 1519 1124 ad
1535 1098 1648 1125 cerus
1662 1094 1703 1125 il·

1007 1141 1056 1172 las
1086 1142 1181 1182 leges
1212 1141 1425 1188 adstringere
1450 1142 1613 1183 oportuit.
1657 1142 1705 1174 At

1008 1192 1145 1232 scimus,
1176 1192 1286 1234 inquit
1313 1192 1420 1224 Poeta
1448 1198 1575 1234 noster,
1600 1193 1707 1224 maxi-

1011 1252 1096 1273 mam
1113 1242 1146 1273 in
1161 1242 1327 1283 fingendis
1350 1242 1569 1281 carminibus,
1583 1241 1616 1273 in
1634 1241 1706 1283 pin-

1011 1292 1128 1333 gendis
1158 1293 1359 1333 imaginibus
1390 1293 1585 1324 libertatem
1619 1298 1706 1323 esse.

1011 1342 1170 1373 Nunnius.
1229 1341 1423 1382 Pictor-ibus]
1459 1341 1614 1383 Objiciet
1647 1342 1707 1374 ali-

1011 1392 1085 1432 quis
1103 1392 1191 1422 idem
1207 1391 1312 1423 licere
1338 1391 1468 1432 Poetis,
1482 1391 1573 1433 quod
1591 1391 1707 1424 Picto-

1012 1441 1117 1473 ribus.

1056 1496 1096 1524 10
1119 1494 1223 1534 AEqua
1246 1493 1399 1535 potestas]
1420 1492 1568 1535 AEqualis
1595 1496 1706 1534 potes-

1013 1549 1076 1576 tas.

1054 1596 1093 1625 ll
1117 1593 1256 1634 Scimus]
1281 1592 1476 1635 Respondet
1486 1592 1613 1634 partim
1628 1602 1709 1625 con-

1010 1644 1162 1675 cessione
1176 1649 1212 1676 et
1229 1643 1473 1685 approbatione
1488 1643 1574 1675 dicti
1585 1642 1711 1675 dextre

1012 1693 1199 1725 intellecti:
1224 1694 1345 1735 partim
1370 1693 1588 1725 restrictione
1613 1691 1711 1724 'voca-

1011 1743 1083 1775 buli
1099 1744 1298 1775 nniversalis
1326 1743 1501 1780 Quidlibet.
1536 1742 1712 1783 Concedo,

1013 1793 1132 1835 inquit,
1158 1793 1341 1825 dnmmodo
1361 1802 1428 1824 non
1447 1793 1714 1825 disconveniens.

1015 1844 1172 1875 Piscator.
1217 1844 1352 1885 Scimus,
1381 1844 1453 1885 ξω]
1490 1843 1623 1875 Scimus
1648 1842 1713 1874 boc

1016 1895 1066 1926 ita
1082 1904 1168 1932 esse,
1183 1895 1293 1935 inquit
1309 1894 1483 1927 Horatius.
1687 1891 1689 1893 ’

1060 1946 1101 1974 12
1124 1943 1189 1974 Sed
1203 1954 1263 1974 non
1279 1946 1313 1974 ut
1324 1943 1456 1983 placidis
1479 1944 1587 1975 cabant
1610 1945 1712 1976 immi-

1016 1993 1078 2034 tia]
1097 1992 1251 2024 Tametsi
1280 1991 1483 2024 effusissima
1505 1994 1550 2024 sit
1571 1993 1714 2025 libertas

1017 2041 1136 2073 Poe'tis
1162 2047 1265 2082 atque
1289 2041 1489 2082 pictoribus,
1511 2052 1576 2074 non
1600 2047 1715 2074 tamen

1017 2101 1071 2123 res
1087 2093 1177 2123 inter
1191 2101 1228 2122 se
1245 2101 1419 2132 pugnaces
1435 2092 1642 2134 conjungere
1657 2093 1716 2124 de-

1017 2142 1112 2181 bent,
1136 2147 1174 2173 ut
1198 2141 1272 2173 fera
1294 2147 1331 2174 et
1351 2143 1509 2174 immania
1528 2143 1716 2175 mansuetis

1017 2197 1054 2224 et
1086 2191 1255 2224 cicuribus
1293 2193 1501 2232 coalescant,
1537 2199 1715 2233 serpentes

1017 2242 1136 2274 avibus
1152 2243 1367 2283 copulentur,
1384 2242 1526 2283 tigribus
1543 2243 1633 2282 agni.
1658 2242 1717 2274 ΑΙ-

1017 2293 1106 2324 ludit
1127 2292 1169 2324 ad
1193 2302 1314 2324 nomen
1342 2293 1495 2333 pictoris,
1517 2293 1574 2334 qui
1590 2292 1716 2324 Gra’ce

1018 2335 1149 2375 dicitur¹
1172 2341 1349 2384 ζωγράφος,
1379 2342 1414 2374 id
1443 2346 1509 2377 est,
1534 2342 1718 2374 annualium

1016 2394 1195 2434 descriptor.
1221 2393 1386 2425 Nunnius.
1423 2392 1489 2424 Sed
1500 2402 1558 2424 non
1568 2392 1620 2434 ut]
1639 2393 1716 2425 Non

1020 2449 1057 2475 ut
1073 2449 1194 2475 natura
1209 2443 1396 2485 pugnantia
1415 2442 1506 2474 inter
1523 2451 1560 2474 se
1575 2442 1718 2484 conjun-

1021 2498 1156 2535 gantur,
1171 2498 1222 2532 ut,
1236 2495 1302 2524 διο.

1065 2546 1105 2575 13
1131 2540 1352 2581 Gerninentur]
1372 2540 1563 2574 Socientnr.

1066 2596 1105 2625 14
1143 2593 1282 2634 Inceptis
1317 2591 1484 2632 gmvibas]
1525 2591 1717 2634 Secundum

1023 2647 1251 2684 praeceptum,
1266 2647 1316 2682 ut,
1339 2646 1518 2683 postquam
1535 2642 1647 2679 omnia
1661 2651 1719 2674 co-

1023 2694 1174 2724 haereant
1200 2693 1290 2724 inter
1309 2701 1347 2723 se
1371 2690 1594 2723 similitudine
1615 2696 1718 2723 mate-

1025 2743 1099 2783 riae,
1109 2742 1258 2784 poemati
1273 2751 1398 2782 corpus
1412 2741 1646 2782 respondeat:
1670 2741 1718 2772 vi-

1025 2794 1174 2826 dendum
1187 2798 1225 2826 ut
1241 2792 1413 2824 abstineat
1427 2790 1534 2823 Poeta
1546 2789 1588 2822 ab
1597 2791 1721 2832 impor-
