1858 3184
232 216 344 259 1818

233 324 341 354 ceret.
375 319 511 366 *Verum
533 319 618 351 Mss.
640 320 743 360 longe
769 319 871 352 aliter
886 320 933 353 lo-

233 375 406 414 quuntur;
428 379 553 411 nempe
577 371 640 402 hoc
663 370 779 402 modo:
804 371 934 403 Diceret

232 422 365 454 urendos
379 423 537 461 correptus
555 421 692 453 Bestius.
723 421 810 453 Idem
819 421 933 463 Siquid

233 475 302 506 erat
320 475 449 508 nactus;
471 470 576 512 idque
602 480 731 503 summo
754 481 933 512 consensu,

234 523 354 556 saltem
370 521 460 564 quod
476 521 519 552 ad
528 521 634 552 Bestii
650 531 772 554 nomen
785 522 933 563 attinet;

233 583 311 605 nam
328 582 391 614 pro
405 575 568 612 corruptus
583 572 616 603 in
632 573 802 604 nonnullis
814 582 931 605 correc-

233 628 284 656 tus
296 623 460 663 scriptum
475 621 648 663 reperias;
665 621 847 654 videndum
863 633 932 655 om-

234 675 326 710 nino,
353 682 394 704 an
421 672 498 703 hinc
521 681 656 713 qnoque
684 672 807 705 idonea
823 674 934 715 aliqua

234 723 405 755 sententia
417 722 494 754 elici
510 723 627 762 possit.
665 723 765 756 Quod
783 733 850 756 non
866 725 935 755 erit

235 771 384 812 difficile,
409 772 436 803 si
459 772 521 804 sub
538 772 648 805 Bestii
666 783 814 814 persona
828 774 934 806 homi-

234 833 309 854 nem
329 822 506 863 insigniter
521 832 659 854 avarum
677 823 932 865 intelligamus:

235 874 308 914 qui,
323 872 351 904 si
374 881 415 904 eo
435 873 571 904 nomine
595 872 683 905 forte
707 874 934 915 reprebende-

235 928 342 963 retur,
356 923 429 964 ipse
445 927 564 954 contra
591 923 624 955 in
653 928 797 964 nepotes
820 924 935 955 invec-

235 977 302 1009 tus,
326 974 447 1015 quovis
462 983 521 1004 eos
537 972 656 1014 dignos
673 983 748 1006 esse
765 974 936 1015 supplicio

237 1025 465 1057 exclama-bat.
488 1025 630 1057 Torreat.
665 1025 937 1057 Guil.Canterus

237 1074 328 1106 Nov.
347 1076 443 1107 Lect.
459 1084 508 1106 nv.
519 1078 553 1106 6.

279 1127 322 1157 39
349 1125 494 1156 Verterat
516 1125 552 1155 in
574 1123 716 1165 fumum]
743 1124 935 1166 ‚Postquam

237 1174 349 1205 omnia
365 1178 615 1206 consumserat.

280 1226 322 1255 40
344 1223 383 1255 Si
397 1225 451 1264 qui
464 1225 627 1255 comedunt
641 1223 735 1265 bona]
758 1223 794 1256 Si
808 1223 865 1266 qui
879 1223 938 1256 bo·

238 1284 283 1306 na
311 1284 372 1306 sua
397 1275 540 1315 prodige
570 1279 785 1306 consumunt.
831 1275 938 1306 Come-

237 1326 315 1356 dunt
330 1324 422 1365 bona]
458 1324 630 1356 Germana
647 1325 751 1356 lectio
764 1328 816 1356 est
833 1326 938 1355 omni-

239 1384 295 1405 um
306 1380 458 1405 veterum
468 1374 631 1405 librorum
641 1374 840 1406 testimoniis
849 1384 939 1406 com·

239 1424 396 1464 probata,
412 1428 448 1455 et
459 1423 533 1465 jam
551 1423 682 1465 pridem
695 1434 718 1455 a»
729 1425 771 1456 P.
788 1424 939 1456 Victorio

239 1475 322 1506 Var.
355 1475 452 1507 Lect.
485 1483 538 1507 lv.
573 1477 605 1507 6.
650 1474 850 1507 Graecorum
881 1484 940 1506 ex-

240 1524 362 1565 emplis
378 1524 531 1557 defensa.
562 1524 714 1564 Torrent„
749 1525 829 1557 vid.
856 1526 940 1557 Tur·

242 1575 320 1607 neb.
337 1580 443 1607 xxvi.
461 1578 514 1607 20.

283 1628 322 1656 41
349 1626 408 1656 Nil
423 1627 513 1657 vulva
532 1622 692 1667 pulchrius
705 1627 824 1668 ampla]
858 1626 941 1657 Vul-

242 1685 318 1706 vam
345 1676 478 1708 suillam
502 1677 601 1718 dicit,
627 1683 782 1709 veterum
813 1686 943 1709 mensa·

241 1736 317 1759 rum
345 1727 497 1767 delicias,
530 1736 645 1759 verum
675 1737 753 1759 cum
779 1728 846 1759 tria
874 1727 943 1758 sint

242 1778 379 1810 nomina
394 1778 436 1809 ab
451 1778 645 1810 auctoribus
659 1778 845 1817 celebrata,
861 1778 872 1796 ‘
885 1777 944 1808 ab»

243 1828 390 1866 domen,'
406 1829 416 1846 ‘
429 1828 570 1868 sumen,’
595 1833 630 1860 et
650 1828 660 1845 ‘
672 1827 797 1868 vulva,’
812 1827 856 1859 de
871 1828 945 1870 qui-

244 1878 307 1908 bus
329 1877 468 1917 egregie
492 1877 624 1908 Plinius
649 1886 733 1908 vm.
756 1881 811 1908 51.
835 1882 872 1909 et
891 1886 943 1908 xr.

244 1930 297 1958 36.
313 1937 354 1958 ea
369 1922 585 1967 sic‘expl'icat
600 1926 802 1957 Hermolaus
817 1926 944 1957 Barba-

244 1987 316 2016 rus,
346 1982 383 2008 ut
410 1976 616 2008 ‘abdomen'
639 1987 660 2007 a
685 1976 853 2007 ‘sumine’
877 1985 945 2007 non

243 2036 295 2067 re,
327 2027 386 2058 sed
413 2036 498 2058 voce
525 2031 653 2058 tautum
680 2024 838 2057 differat:
861 2025 945 2056 illud

244 2077 406 2117 antiquis,
428 2077 491 2108 boc
514 2076 707 2107 recentibus
722 2075 828 2116 magis
851 2085 944 2107 usur-

245 2132 375 2169 patum,
393 2136 451 2168 pro
468 2126 574 2158 suillis
590 2136 666 2158 cum
679 2127 768 2158 lacte
780 2126 944 2157 mammis.

247 2178 296 2210 At
310 2179 403 2210 vulta
425 2178 498 2219 ipse
524 2184 640 2209 uterus
668 2182 732 2215 est,
755 2176 870 2217 ejecto
886 2180 946 2207 aut

245 2229 348 2261 etiam
379 2229 471 2260 edito
494 2229 566 2269 jam
597 2232 717 2269 partu:
743 2227 802 2258 illa
830 2231 946 2258 tamen

246 2280 378 2320 melior,
388 2289 488 2320 quam
505 2283 541 2310 et
550 2279 560 2296 ‘
569 2278 758 2319 ejectitiam
769 2277 778 2290 ’
795 2277 946 2318 appella·

246 2330 353 2369 bant3
372 2334 409 2360 ut
425 2329 511 2360 hanc
533 2338 724 2370 porcarum.
770 2328 866 2359 Bene
883 2327 945 2368 igi-

247 2385 304 2412 tur
332 2380 365 2411 in
390 2379 511 2411 Xeniis
541 2379 723 2421 Martialis,
751 2377 794 2409 de
822 2377 943 2408 vulva:

249 2430 259 2447 ‘
273 2431 322 2461 Te
338 2429 485 2462 fortasse
500 2429 607 2470 magis
623 2428 738 2470 capiet
754 2428 797 2459 de
814 2418 945 2468 &irgine

250 2489 364 2520 porca,
375 2481 434 2511 Me
447 2483 599 2511 materna
610 2478 705 2520 gravi
717 2478 760 2509 de
773 2487 833 2509 sue
845 2478 946 2509 vulva

250 2530 366 2570 capit!
393 2532 538 2562 Torreat.
587 2530 647 2562 Nil
673 2530 766 2561 vulva
787 2529 946 2570 pulchrius

250 2579 367 2621 ampla]
390 2581 448 2612 Nil
468 2581 649 2613 delicatius
673 2580 771 2611 vulva
796 2579 948 2621 ejectitia

252 2632 319 2662 suis
334 2630 543 2671 primiparae.

294 2683 336 2712 42
362 2681 518 2712 Nimirum
533 2681 582 2712 hic
598 2691 653 2721 ego
675 2691 754 2718 suin,
769 2681 840 2722 ξω]
860 2679 948 2711 Talis

252 2742 317 2773 ego
333 2740 418 2770 sum,
433 2731 539 2772 inquit
556 2731 733 2770 Horatius,
753 2741 828 2764 cum
844 2732 950 2763 multa

253 2793 320 2816 non
337 2788 534 2824 suppetunt,
551 2787 732 2814 contentus
749 2793 820 2815 sum
833 2782 949 2824 paucis

700 224 842 255 NO'rAE
873 223 1139 256 VARIORUM
1172 224 1224 254 IN

983 320 1086 352 etiam
1103 330 1170 352 non
1182 320 1328 361 optimis.

1025 373 1066 402 43
1089 370 1178 402 Satis
1199 370 1300 411 inter]
1334 369 1426 402 Satis
1448 369 1588 403 fortiter
1598 368 1680 405 v*vili-

985 420 1048 453 bus
1061 421 1147 453 cibis
1162 419 1284 452 famem
1301 420 1456 461 explens.

1024 474 1067 503 44
1094 471 1244 512 Unctius]
1271 470 1313 502 Id
1330 474 1397 511 est,
1411 470 1584 512 pinguius,
1597 470 1683 504 ‹leli-

983 522 1102 554 catius.
1150 521 1275 553 Horat.
1304 521 1349 553 de
1378 520 1488 554 Arte:
1521 522 1583 554 ‘Si
1603 531 1685 555 vero
1725 556 1730 561 ,

983 575 1034 603 est
1053 574 1192 603 unctum
1217 571 1274 613 qui
1297 575 1392 603 recte
1408 580 1535 613 ponere
1551 572 1681 614 possit:

983 623 1094 655 Recte
1109 622 1119 639 ‘
1131 626 1270 653 unctum
1280 621 1289 636 ’
1307 622 1430 655 Horat.
1441 630 1504 664 pro
1517 627 1684 665 apparate.

983 672 1122 705 condito
1149 671 1226 703 cibo
1253 671 1380 703 dixisse
1416 671 1561 704 videtur.
1599 673 1683 704 Tur-

982 723 1062 755 neb.
1074 725 1246 755 xv111.ll.
1273 723 1422 764 Uaccius]
1435 722 1684 764 sumptuosius.

983 775 1087 816 Idem]
1113 773 1212 805 Idem
1227 782 1292 814 ego
1307 773 1373 805 aio.

1025 830 1066 858 45
1095 826 1156 858 Vos
1179 824 1302 866 supero]
1337 824 1409 856 Vos
1432 833 1507 856 esse
1530 833 1611 856 vere
1631 834 1684 857 sa·

985 876 1130 918 pientes.
1186 875 1274 907 Bene
1287 873 1407 915 vivere]
1429 875 1541 906 Beate
1558 874 1684 906 vivere.

1026 929 1069 958 46
1086 927 1224 962 Quorum
1243 925 1441 966 Conspicitur
1450 925 1562 957 nitidis
1568 924 1688 963 funda·

985 981 1019 1009 ta
1032 977 1163 1018 pecunia
1176 975 1275 1015 villis]
1313 976 1420 1007 Villas
1444 975 1603 1007 Romanis
1625 975 1688 1006 du·

985 1029 1092 1069 plices
1108 1027 1222 1064 fuisse,
1246 1035 1346 1059 nemo
1369 1027 1499 1066 ignorat
1516 1037 1525 1058 z
1546 1026 1686 1058 alteram

986 1078 1029 1110 ad
1058 1078 1286 1119 voluptatem,
1310 1077 1452 1118 alteram
1468 1077 1511 1108 ad
1527 1075 1690 1108 fructum.

990 1128 1156 1167 Alteram,
1189 1137 1290 1168 quam
1329 1126 1508 1165 urbanam,
1541 1125 1686 1157 alteram

988 1188 1089 1220 qnam
1106 1178 1268 1210 rusticam
1284 1177 1460 1212 dicebant.
1504 1177 1597 1218 Ergo
1610 1176 1690 1208 niti-

987 1229 1060 1260 dam
1073 1229 1193 1267 villam,
1209 1232 1245 1259 et
1258 1227 1421 1266 medeam,
1435 1227 1592 1268 opponit.
1639 1226 1690 1258 Ut

990 1289 1103 1320 supra,
1126 1279 1263 1310 nitidum
1288 1277 1440 1309 hominm
1463 1282 1500 1308 et
1527 1277 1690 1309 amicum.

992 1329 1081 1361 Haec
1097 1337 1178 1368 ergo
1194 1336 1288 1359 mens
1304 1327 1423 1359 Poetae
1439 1330 1493 1358 cst
1507 1337 1515 1357 :
1539 1327 1626 1367 Ego,
1641 1328 1692 1358 in-

991 1379 1079 1420 quit,
1106 1377 1236 1408 Maenio
1265 1386 1338 1408 sum
1368 1376 1499 1412 similis.
1545 1377 1691 1410 Quoties

989 1428 1073 1460 nihil
1088 1427 1179 1459 aliud
1205 1427 1389 1467 contingit,
1411 1435 1518 1468 parvo
1533 1426 1640 1458 hilare
1655 1430 1692 1458 et

983 1478 1138 1520 jucunde
1156 1477 1243 1510 vivo.
1290 1477 1432 1516 Contra,
1447 1476 1504 1508 ubi
1520 1476 1640 1508 melius
1656 1480 1693 1508 et

990 1529 1126 1560 unctius
1143 1527 1224 1570 quid
1240 1527 1366 1564 evenit,
1378 1527 1467 1558 solos
1482 1535 1541 1558 vos
1553 1526 1642 1559 bene
1656 1531 1694 1557 et

985 1578 1140 1620 jucunde
1157 1580 1271 1610 vivere
1293 1578 1360 1618 aio,
1383 1578 1439 1619 qui
1458 1587 1525 1609 non
1541 1578 1577 1609 in
1598 1577 1693 1609 villa-

993 1638 1067 1661 rum
1089 1628 1268 1665 fructibus,
1300 1637 1418 1660 verum
1443 1628 1476 1659 in
1509 1627 1693 1669 splendore

993 1679 1230 1720 praetoriorum
1239 1683 1275 1710 ct
1286 1679 1379 1718 luxu,
1387 1678 1606 1719 pecuniarum
1619 1686 1693 1709 ves-

993 1734 1121 1761 trarum
1142 1738 1182 1761 ac
1197 1739 1321 1770 rerum,
1342 1727 1567 1760 fundamenta
1589 1728 1692 1760 habe-

994 1780 1060 1810 tis:
1088 1782 1192 1820 atque
1207 1779 1255 1810 ibi
1270 1783 1375 1811 uncte.
1390 1788 1431 1811 ac
1445 1779 1540 1811 laute
1565 1778 1693 1810 vivitis.

995 1829 1110 1861 Heim.
1155 1828 1278 1860 Naidis
1293 1829 1432 1867 fundata
1444 1828 1579 1870 pecunie
1591 1827 1691 1870 villis]

995 1879 1141 1910 Fundam
1158 1880 1271 1909 Varro
1286 1879 1344 1911 lib.
1361 1888 1413 1910 lv.
1436 1884 1473 1910 et
1489 1879 1628 1911 Servius
1649 1879 1693 1910 ad

995 1928 1123 1968 Georg.
1159 1937 1199 1958 11.
1231 1928 1321 1968 quod
1351 1927 1476 1958 fundat
1513 1929 1695 1968 quotannis

994 1979 1112 2016 multa,
1137 1979 1360 2019 pecuniaeque
1387 1978 1433 2009 sit
1460 1986 1500 2009 ac
1526 1977 1694 2018 pecudum

994 2028 1267 2068 fundamentum,
1283 2027 1352 2059 dici
1370 2027 1563 2067 tradidere3
1587 2031 1622 2059 et
1638 2037 1696 2059 ve-

994 2083 1095 2111 nusta
1132 2078 1356 2110 translatione
1397 2078 1535 2109 Plautus
1565 2077 1696 2109 Trucu-

994 2130 1077 2161 lent.
1093 2129 1137 2160 de
1164 2134 1315 2160 amatore
1339 2128 1447 2160 divite
1472 2138 1512 2160 ac
1537 2128 1693 2160 liberali:

993 2181 1004 2198 ‘
1016 2180 1116 2211 Nunc
1132 2179 1159 2210 is
1175 2178 1250 2218 est‚'
1274 2178 1394 2220 iuquit,
1414 2179 1423 2196 ‘
1436 2177 1560 2210 fundus
1576 2178 1695 2211 nobis!

994 2229 1051 2262 Ad
1079 2230 1167 2261 hanc
1193 2230 1300 2270 igitur
1323 2229 1482 2260 vocabuli
1506 2229 1696 2270 proprieta-

995 2286 1062 2312 tem
1079 2280 1265 2321 respiciens
1277 2278 1400 2319 Poeta,
1412 2289 1487 2311 cnm
1501 2279 1692 2318 nitidissim-

993 2332 1100 2363 datam
1114 2331 1198 2362 villis
1211 2329 1373 2371 pecuniam
1388 2329 1489 2368 dicit,
1500 2328 1614 2360 firmas
1628 2333 1696 2360 sta-

994 2381 1147 2422 bilesque
1176 2380 1314 2411 divitias
1347 2378 1538 2420 significat3
1576 2378 1694 2420 quales

994 2431 1095 2462 avitae
1119 2439 1194 2462 esse
1220 2431 1354 2461 solent:
1385 2428 1472 2460 unde
1496 2433 1532 2459 et
1558 2427 1695 2468 praediis

995 2481 1122 2522 optime
1137 2480 1251 2512 caveri
1267 2479 1423 2510 dicimus.
1459 2479 1564 2511 Fundi
1579 2483 1694 2510 autem

996 2530 1225 2572 appellatione
1254 2539 1296 2562 ex
1325 2529 1493 2562 Jctorum
1521 2529 1695 2560 sententia
1723 2535 1726 2539 ·

995 2583 1166 2623 integrum
1183 2580 1309 2622 aliquid
1325 2580 1535 2619 continetur,
1550 2580 1614 2610 hoc
1629 2582 1695 2617 est,

995 2642 1063 2664 non
1091 2641 1171 2672 ager
1194 2637 1341 2671 tautum,
1364 2630 1423 2662 sed
1449 2634 1483 2662 et
1503 2628 1695 2674 aedificium-

1000 2683 1143 2714 Torrent.
1201 2682 1280 2713 Vid.
1308 2680 1461 2713 Turneb.
1493 2689 1614 2712 xxvn.
1643 2683 1694 2712 16.

999 2733 1125 2764 Nitidis
1141 2733 1296 2773 fundata]
1321 2732 1362 2764 Iu
1386 2730 1570 2763 fructuosis
1598 2730 1694 2769 villis,

998 2783 1100 2825 agris,
1118 2783 1263 2824 pascuis,
1279 2792 1344 2814 non
1369 2782 1402 2812 in
1425 2781 1535 2822 rebus,
1551 2789 1691 2821 quarum
