1858 3184
252 223 364 265 1768

252 327 408 368 vestigia,
420 328 458 359 'et
474 326 585 358 omnia
601 325 762 367 prorsus-⁹
797 326 947 358 Turneb.

254 379 343 409 x'xx.
357 380 388 408 9.
415 378 558 409 Torrent-

293 429 336 459 76
353 428 466 460 Belluu
481 426 662 467 multorum]
677 427 740 459 Est
752 426 869 468 populi
885 427 945 458 de-

246 478 405 518 scriptio.

292 531 332 560 77
347 528 522 560 Conducere
529 528 670 569 publica]
685 527 878 568 Vectigalia
888 537 947 570 po-

246 578 321 619 puli
348 578 555 619 conducere,
583 578 672 609 unde
696 577 866 618 publicani
888 588 945 619 ap·

252 628 482 669 pellabantur.

251 689 254 692 ·
294 681 335 709 78
351 678 476 709 Frutis
487 677 636 718 dpomis]
654 679 794 710 Mallem
811 678 947 719 crustis,

250 732 289 759 ut
306 728 339 758 iu
351 727 502 760 editione
514 729 658 767 Mureti,
667 735 702 760 et
715 730 748 760 in
766 739 831 760 uuo
841 734 946 770 atque

251 778 372 818 altero,
393 787 492 819 quem
509 778 667 818 viderim,
696 779 943 820 manuscripto:

249 828 404 860 crustula
418 829 507 860 enim
518 828 559 860 ad
572 829 684 861 hamos
698 830 843 870 aptiora.
866 830 947 862 Fuit

251 878 411 911 antennis
434 884 583 920 quaestus
607 879 722 911 Romae
746 880 945 915 uberrimus.

251 927 420 970 Cruquius
431 929 612 970 legendum
625 939 699 961 esse
714 934 833 962 censet
845 930 946 962 Fruc-

250 978 313 1009 tis:
334 977 437 1010 docet
468 978 651 1011 ‘fructum'
668 974 748 1011 olim
764 979 869 1012 fuisse
894 989 948 1012 se-

250 1028 371 1060 cundae
396 1027 610 1061 inflexionis:
646 1034 686 1062 ut
707 1030 743 1061 in
758 1029 945 1071 Adelphis:

248 1077 376 1110 ‘Nunc
397 1082 519 1110 exacta
541 1083 645 1111 aetate
669 1078 732 1111 hoc
757 1078 861 1111 fructi
886 1088 947 1120 pro

250 1127 370 1160 labore
396 1128 440 1159 ab
462 1128 513 1159 his
536 1127 623 1168 fero,
637 1128 777 1161 odium.’
805 1130 948 1162 Torreat.

253 1176 383 1208 Frustss
404 1179 436 1208 et
454 1177 569 1218 pomis]
597 1177 708 1208 Donis
722 1178 844 1209 nullius
870 1187 947 1220 pre·

250 1227 302 1259 tii.
357 1226 496 1268 Avarus]
517 1226 660 1266 Viduas,
689 1236 864 1259 munerum
890 1238 948 1261 cu·

251 1276 362 1318 pidas.

291 1328 335 1357 79
348 1325 577 1367 Excipiamque
595 1324 698 1365 senes]
712 1325 881 1358 Insidiose
891 1336 947 1359 ea-

250 1370 349 1417 piant
363 1385 474 1408 senes.
521 1376 607 1412 Quo·
620 1376 654 1407 ιἰι
667 1376 789 1407 vivaria
802 1377 946 1418 adnant]

251 1426 347 1459 Quos
373 1426 510 1459 tandem
529 1425 698 1457 devorent
713 1426 822 1458 veluti
838 1427 948 1468 pisces

251 1482 310 1508 aut
325 1475 415 1508 feras
431 1477 466 1508 in
478 1476 616 1508 vivariis
630 1477 802 1509 detentas.
846 1478 888 1509 In
900 1477 947 1509 vin

249 1525 594 1568 ouria]Simileillud:
612 1527 622 1545 ‘
634 1527 756 1559 Plures
773 1527 947 1560 annabunt

251 1577 371 1609 thunni
387 1582 424 1609 et
438 1577 570 1609 cetaria
585 1577 828 1613 crescent.'De
840 1577 945 1610 verbo

244 1631 363 1658 -autem
391 1625 592 1668 ‘excipere'
614 1625 869 1659 insidiatoribus
891 1636 948 1659 ac-

248 1676 475 1717 commodato,
490 1685 547 1708 ιιι.
562 1676 631 1708 Od.
647 1679 700 1709 12.
721 1677 865 1709 rement.

292 1729 335 1757 81
354 1727 441 1766 Esto,
465 1727 628 1758 atiisdios
641 1726 746 1770 rebus,
763 1727 835 1768 aa]
859 1727 948 1759 Con-

250 1774 337 1806 cedo
367 1775 456 1817 quod
482 1775 609 1806 diversi
636 1776 787 1808 homiues
815 1776 950 1809 diversa

251 1830 439 1856 sectantur.
482 1825 531 1855 At
547 1824 663 1864 ,iidem
692 1834 848 1866 persaepe
877 1834 949 1857 mu·

252 1878 379 1905 tantur.

293 1925 336 1955 82
364 1922 464 1954 Iidem
478 1923 583 1954 eadem
594 1922 739 1962 possunt]
763 1921 818 1954 Ad
835 1927 947 1954 osten-

253 1973 400 2005 dendam
415 1972 579 2013 majorem
595 1972 867 2012 inconstantiam,
884 1970 947 2004 sci-

218 2040 224 2044 ·
253 2023 398 2055 mitatnr
412 2031 456 2053 an
472 2022 506 2053 iu
526 2022 711 2062 proposito.
725 2021 845 2063 aliquis
867 2031 946 2053 con·

255 2076 339 2113 stet,
366 2076 401 2104 et
421 2081 489 2104 nou
506 2071 618 2113 potius
633 2072 781 2103 in-horas
797 2072 946 2113 singulas

251 2123 288 2155 id
298 2123 406 2155 variet
418 2123 430 2154 ?
445 2132 513 2164 quo
524 2126 724 2163 argumento
736 2122 947 2155 demonstrat

250 2172 315 2205 hoc
343 2173 460 2204 donari
484 2181 595 2213 posse,
626 2181 690 2202 uon
714 2181 830 2204 omnes
856 2172 946 2204 idem

252 2223 393 2261 sentire,
407 2222 469 2254 sed
480 2222 546 2253 sibi
558 2231 622 2253 non
638 2226 804 2263 constare,
815 2231 946 2254 secum-

252 2281 319 2314 que
346 2281 511 2314 pugnare,
543 2271 633 2303 nulla
655 2281 730 2303 esse
753 2272 854 2303 venia
876 2272 948 2313 dig-

250 2333 344 2356 num.
362 2323 455 2362 Cruq.
494 2320 649 2360 Possunt]
666 2321 718 2353 Ne
733 2322 947 2363 particulam,

252 2382 354 2415 quam
368 2373 446 2404 huic
455 2371 557 2403 verbo
569 2371 740 2412 subjunxit
752 2372 948 2411 Lambinus,

252 2423 347 2454 nullo
369 2422 405 2454 iu
427 2422 544 2453 codice
574 2415 730 2462 repperi:
755 2430 818 2454 uec
846 2421 947 2454 video

253 2482 358 2513 quare
375 2476 553 2512 tantopere
578 2470 744 2503 Lambino
767 2472 947 2512 placuerit.

256 2520 401 2553 Torreat.

295 2574 338 2603 88
358 2571 448 2603 Baiis
464 2573 609 2611 proelucet
624 2572 768 2613 amis]
789 2573 947 2606 Proelucet

253 2622 354 2661 dixit,
370 2626 406 2652 ut
422 2630 447 2652 ι.
464 2620 532 2651 Od.
545 2624 598 2652 33.
629 2622 750 2653 ‘Laesa
765 2624 947 2664 praeniteat

253 2672 342 2704 fidel
378 2671 521 2702 Interim
538 2670 615 2702 vide
631 2672 659 2702 si
672 2673 769 2715 lubet
781 2672 945 2707 Senecam

254 2722 365 2763 Epist.
394 2729 458 2752 ιιι.
503 2720 594 2752 Item
617 2720 724 2754 illud:
761 2727 770 2740 ¹
785 2723 834 2755 Ut
855 2724 946 2757 mille

251 2771 400 2811 laudem,
416 2770 553 2810 Plance,
564 2770 717 2803 versibus
729 2771 846 2814 Baias,
860 2773 946 2806 Lau·

715 233 855 263 NOTAE
888 233 1153 267 VARIORUM
1189 233 1239 264 ΙΝ

997 326 1085 358 dabo
1109 326 1210 368 digne
1234 335 1302 358 non
1325 326 1408 357 satis
1433 329 1546 358 tamen
1560 327 1692 365 *Baiasv'

1001 376 1141 408 Torreat.
1176 376 1272 408 Baiis
1282 377 1431 417 praelucet
1445 376 1589 417 umoenio]
1601 369 1691 410 Urbs

998 426 1204 467 Campaniae.

1039 478 1081 509 84
1092 476 1209 516 Lacus]
1224 477 1406 508 Lucrinum
1418 476 1593 517 intellige.
1618 482 1694 510 erat

997 527 1135 558 enimin
1156 526 1231 557 sinu
1247 526 1379 557 Baiano
1393 530 1515 558 contra
1529 527 1693 560 Puteolos

997 576 1138 606 divitum
1149 575 1318 616 praetoriis
1331 576 1464 611 nobilis,
1475 576 1694 618 quemadmo-
1746 577 1751 582 '

996 625 1075 656 dum
1093 629 1129 656 et
1144 625 1300 657 Avernus
1323 625 1355 656 ei
1372 625 1503 656 vicinus
1516 637 1525 655 ι
1548 630 1694 668 uterque

996 673 1128 705 deliciis
1142 672 1298 714 affluens,
1314 678 1354 705 ut
1368 682 1409 705 eo
1425 674 1491 705 loci
1507 674 1560 705 vel
1575 675 1695 710 castis—

996 723 1069 754 simi
1086 732 1195 755 mores
1209 728 1520 764 corrumperentur.
1547 725 1693 760 Torrent-

996 773 1098 805 Lacus
1112 777 1143 805 et
1154 773 1254 814 mure]
1276 774 1388 806 Lacus
1400 773 1565 810 marinus,
1579 773 1616 805 iu
1630 778 1694 811 est,

998 823 1162 855 Lucrinus
1175 824 1209 854 in
1225 823 1368 855 Baiano.

1039 876 1080 906 85
1103 874 1300 908 Festinanti-³
1322 870 1405 913 heri]
1429 873 1516 905 Heri
1539 883 1580 910 eo
1599 872 1696 908 festi·

996 924 1110 956 nantis
1125 924 1169 956 ad
1181 924 1432 957 aedificandum.
1474 924 1588 957 Libido
1596 925 1695 958 Fece-

997 975 1041 1006 rie
1056 975 1241 1016 auspicium]
1264 975 1438 1007 Praeclare
1452 975 1498 1007 de
1509 975 1615 1008 divite
1630 976 1694 1008 oti—

999 1034 1069 1062 oso.
1093 1031 1129 1057 et
1145 1026 1202 1068 qui
1225 1026 1336 1059 medio
1351 1026 1386 1058 iu
1399 1026 1482 1058 luxu
1499 1035 1637 1068 semper
1655 1032 1695 1058 se

998 1074 1146 1117 fugeret,
1178 1086 1240 1109 nec
1275 1076 1507 1119 praesentibus
1533 1086 1694 1119 umquam

998 1127 1253 1168 acquiesceret;
1273 1127 1422 1168 ideoque
1440 1126 1617 1160 libidinem
1637 1135 1695 1162 ιιι·
1756 1150 1764 1158 .

975 1177 1182 1217 -spiciiloco
1192 1177 1413 1219 sequebatur.
1426 1176 1576 1209 Turneb.
1588 1185 1695 1209 xxva·

996 1228 1052 1258 26.
1085 1226 1227 1258 Torrent-

1040 1278 1082 1307 86
1099 1276 1226 1308 Fecerit
1238 1276 1421 1317 auspicium,
1440 1276 1695 1314 crassen-ranien-

997 1324 1048 1365 1a]
1070 1326 1108 1357 Si
1135 1326 1257 1359 vitiosa
1284 1325 1404 1366 libido,
1435 1329 1595 1382 tanquam
1621 1326 1693 1358 avis

998 1380 1101 1408 cautu
1124 1382 1183 1407 aut
1209 1376 1336 1416 volatu,
1361 1375 1547 1416 auspicium
1571 1374 1696 1409 fecerit

999 1431 1122 1463 ratum,
1144 1427 1179 1459 id
1201 1432 1266 1466 est,
1281 1426 1456 1468 impulerit
1479 1426 1640 1467 div-item,
1653 1429 1695 1460 ut

998 1471 1159 1519 aedificet,
1198 1477 1314 1509 statim
1341 1477 1491 1510 animum
1519 1480 1630 1508 mutat
1657 1481 1695 1509 et

992 1527 1096 1569 jubet
1119 1527 1231 1560 fabros
1253 1531 1290 1561 et
1313 1527 1522 1560 ferramenta
1543 1521 1694 1560 Teanum

998 1582 1245 1619 transportare.
1301 1578 1506 1618 Ferramenta
1542 1577 1693 1620 rma]

998 1627 1204 1660 Ferramenta
1218 1636 1281 1669 pro
1298 1627 1473 1670 quibusvis
1493 1627 1695 1660 instrumen-

998 1677 1043 1709 tis
1068 1677 1249 1710 fabrilibus
1276 1678 1376 1712 dixit.
1419 1678 1555 1711 Teanam
1577 1683 1694 1711 autem

998 1727 1121 1760 Graeee
1134 1727 1251 1760 Τέανον
1270 1729 1445 1770 stephano
1466 1733 1504 1761 et
1522 1728 1696 1772 Straboni,

996 1778 1257 1811 mediterraneas
1294 1778 1490 1820 Campania
1531 1777 1694 1819 oppidum

996 1826 1078 1858 olim
1092 1828 1274 1860 maximum
1286 1838 1298 1866 ;
1322 1827 1524 1868 cognomine
1539 1826 1693 1868 *βοῶσιν

996 1875 1101 1910 ιιιιιιι,’
1116 1876 1159 1906 ad
1183 1874 1410 1910 differentiam
1433 1875 1519 1916 eJus,
1541 1875 1639 1923 quoq
1658 1874 1692 1910 i·

996 1923 1124 1964 Apulia
1138 1928 1225 1955 erat.
1258 1923 1447 1964 Utriusque
1462 1924 1615 1957 meminit
1625 1924 1694 1957 Pii.

997 1973 1085 2005 nius.
1111 1972 1253 2004 Torreat.
1299 1971 1472 2013 rhem-nm]
1493 1972 1690 2014 Campaniae

997 2022 1168 2063 oppidum.
1269 2051 1272 2054 .

1039 2074 1079 2103 87
1111 2072 1239 2105 Tolletis
1252 2071 1359 2112 fabri]
1388 2071 1691 2112 Transportabitis.

995 2122 1268 2166 Lectumiulis]
1283 2123 1388 2158 Qua-i
1399 2122 1570 2164 genitalis,
1581 2123 1692 2165 iuquit

994 2172 1359 2211 Servius‚uubentibus
1370 2172 1465 2208 euim,
1474 2171 1595 2213 puellis
1606 2177 1691 2204 ster«

995 2221 1155 2262 uebatur,
1169 2222 1282 2255 dictus
1297 2233 1318 2255 a
1332 2221 1536 2263 generandis
1561 2221 1692 2261 liberis,

995 2281 1037 2303 ac
1051 2272 1195 2313 proinde
1209 2271 1321 2304 Genio
1336 2280 1446 2310 sacer,
1467 2270 1526 2312 qui
1546 2269 1689 2306 Nuturae

995 2323 1092 2354 Deua
1106 2321 1334 2361 credebatur-3
1356 2320 1447 2353 idem
1464 2320 1523 2362 qui
1537 2324 1576 2352 et
1595 2325 1691 2356 nata-

995 2371 1047 2403 lis.
1084 2372 1180 2413 Virg.
1203 2372 1214 2390 ‘
1228 2372 1358 2404 Lucent
1379 2370 1569 2412 genialibus
1590 2370 1691 2409 altis,'

996 2422 1042 2453 Et
1051 2421 1178 2454 Juveu.
1188 2421 1262 2454 Sat.
1274 2430 1327 2454 lx.
1340 2421 1517 2454 absolute:
1539 2419 1551 2438 ⁴
1563 2418 1690 2461 Tyrius

995 2471 1136 2512 genialis
1166 2471 1201 2502 in
1223 2470 1330 2502 hortis
1353 2468 1549 2505 Sternitur?
1605 2469 1691 2506 Erat

996 2520 1100 2552 etiam
1129 2528 1234 2560 genus
1263 2519 1343 2551 lecti
1382 2518 1562 2559 maritalis,
1589 2527 1690 2561 quem
1724 2559 1729 2566 .

994 2572 1004 2588 ‘
1017 2570 1196 2602 adversum
1208 2568 1217 2583 '
1239 2568 1473 2610 appellabant,
1496 2573 1643 2600 stratum
1655 2567 1690 2609 ³¹!

996 2620 1084 2652 atrio
1095 2624 1174 2651 ante
1181 2620 1348 2661 januam,
1339 2630 1347 2636 ·
1371 2617 1453 2651 boni
1461 2616 1584 2650 ominis
1594 2626 1690 2658 eaus-

996 2679 1047 2709 aa,
1069 2675 1108 2701 ut
1133 2670 1266 2710 opinor,
1289 2669 1338 2700 sic
1360 2668 1483 2700 dictus.
1522 2667 1685 2708 Propert,

994 2720 1117 2766 Elegia
1129 2719 1248 2751 ultima
1260 2718 1321 2750 lib.
1335 2727 1387 2750 ιν.
1424 2717 1485 2758 ‘Si
1499 2721 1614 2755 tamen
1628 2716 1687 2752 ad-

995 2778 1128 2801 versum
1140 2767 1392 2808 mutaritjauua
1401 2767 1542 2806 lectum,
1550 2764 1689 2802 sederit
