1858 3184
241 199 352 241 1850

284 303 326 337 ⁷8
343 304 411 335 Nec
422 304 543 335 veniam
552 304 704 346 antiquis]
722 303 767 337 Et
779 305 935 345 indignor

241 364 308 386 non
323 355 453 387 veniam
477 359 666 386 erratorum
691 364 826 387 suorum
851 355 937 386 anti-

242 404 317 446 quis
333 403 418 439 dari,
435 403 509 443 sed,
523 407 588 436 ὅτε.

283 456 327 486 79
341 453 451 494 Recte,
475 463 568 486 necne
589 455 723 496 crocum]
746 454 780 486 Si
800 454 935 486 dubita·

241 512 443 546 rem,ntrum
456 511 551 538 recte
564 512 600 538 et
616 507 735 538 merito
747 506 863 539 fabula
872 506 934 539 At-

241 561 286 588 tae
302 555 423 587 Poetae
440 557 583 598 antiqui,
605 557 769 589 recitetur
783 557 817 588 in
833 567 936 589 scena

241 615 342 637 croco
358 611 395 637 et
407 604 548 638 floribus
561 616 754 647 conspersa.
786 607 934 648 Crocum]

240 657 298 687 De
327 665 427 687 croco
448 656 496 688 sic
518 656 649 687 Plinius
672 665 752 688 xxi.
774 659 808 688 6.
843 658 852 673 ‘
866 657 934 688 Sed

240 705 318 736 vino
334 705 478 736 maxime
493 706 665 746 convenit,
677 706 849 747 praecipue
862 707 936 737 dul·

240 757 285 797 ci,
301 752 416 794 tiitum
433 756 475 787 ad
494 757 625 789 theatra
641 757 827 798 replenda.'
850 758 934 789 Pro-

239 811 330 848 pert.
341 808 430 838 1v.l.
442 811 452 825 ⁸
461 806 602 847 Pulpita
610 808 777 839 sollennes
787 817 854 839 non
864 808 935 839 olu-

240 865 298 888 ere
313 855 459 888 crocos.'
501 857 547 888 Et
562 857 762 897 Spartianus
789 857 936 889 Hadria-

239 915 305 938 no:
335 905 346 923 ‘
359 906 400 938 In
416 906 602 946 honorem‚’
626 907 750 948 inquit,
764 906 775 923 ‘
786 907 935 947 'ri-ajam,

239 955 391 988 balsama
407 961 444 988 et
458 965 593 988 crocum
619 966 680 997 per
693 957 814 996 gradus
829 955 935 988 fluere

233 1005 360 1046 jussit!
381 1007 513 1038 Seneca
526 1006 629 1037 etiam
645 1015 712 1037 non
724 1015 792 1037 uno
808 1006 842 1037 in
859 1006 935 1037 loco

237 1055 469 1095 ‘sparsiones'
497 1061 533 1086 et
563 1055 700 1096 quidem
724 1054 936 1086 ‘odorarias’

239 1107 350 1143 vocat,
364 1109 402 1135 ut
425 1109 435 1122 ¹
447 1103 613 1139 rosarias‚’
630 1103 665 1134 ni
681 1103 790 1140 fallor,
814 1104 936 1136 Sueto-

238 1153 313 1184 nius
337 1153 477 1185 Nerone
514 1163 591 1194 cap.
627 1162 762 1186 xxvui.
794 1155 937 1187 Tun-ent.

238 1204 328 1234 Attoe
372 1202 507 1243 Fabula]
549 1204 590 1234 Τ.
627 1203 808 1236 Quinctius
839 1203 936 1244 Atta,

239 1253 386 1293 scriptor
400 1253 606 1292 'fogatarum
622 1252 698 1284 fuit.
730 1253 838 1285 Addit
854 1255 935 1285 Fes-

238 1307 292 1332 tus
305 1303 338 1333 id
349 1302 380 1333 ei
393 1311 579 1342 cognomen
588 1302 770 1334 adhaesisse
781 1313 800 1334 a
809 1303 934 1344 pedum

239 1361 415 1382 erurumve
427 1351 528 1382 vitio:
554 1353 565 1368 ‘
579 1350 672 1382 Attae
683 1351 798 1390 enim‚'
815 1352 936 1393 inquit,

237 1403 247 1418 ⁴
259 1402 486 1442 appellantur,
505 1401 560 1441 qui
575 1401 700 1442 plantis
717 1402 887 1440 insistunt,
901 1407 935 1433 et

238 1451 412 1490 attingunt
427 1451 533 1491 magis
546 1456 685 1491 terram,
702 1461 802 1493 quam
818 1452 934 1483 auibu-

238 1500 335 1533 lant!
383 1501 518 1542 Argute
548 1501 654 1542 igitur
685 1502 863 1543 Horatius,
892 1503 934 1534 ad

239 1551 447 1592 cognominis
476 1551 640 1592 originem
680 1552 850 1592 alludens,
880 1553 934 1583 vel

239 1599 330 1640 quod
347 1609 427 1631 vere
451 1601 529 1631 talis
553 1606 657 1641 esset,
680 1606 716 1632 et
732 1601 742 1618 ‘
756 1601 852 1634 Attae
867 1602 876 1615 ’
899 1608 936 1633 et

237 1648 469 1680 ‘mnibulandi’
486 1650 651 1682 vocabulo
666 1660 767 1682 usus:
791 1652 935 1683 ridicule

238 1706 383 1738 querens
398 1707 467 1729 nou
484 1699 587 1730 licere
603 1700 666 1730 sibi
681 1700 724 1731 de
741 1701 935 1732 claudican-

239 1748 283 1779 tis
294 1757 413 1788 gressu
428 1748 598 1780 dubitare.
618 1749 761 1781 Tor-rent.

279 1800 321 1828 80
353 1798 495 1830 Clament
521 1799 650 1839 periisse
674 1799 838 1840 pudorem]
864 1800 936 1831 Cla-

242 1851 328 1878 mant
356 1848 484 1879 habent
501 1853 569 1878 tres
587 1849 673 1880 Mss.
715 1850 801 1880 Tale
825 1855 938 1881 autem

239 1897 342 1928 illud:
365 1897 548 1927 ‘Habeat
534 1906 605 1936 Jam
624 1899 730 1929 Roma
745 1898 936 1938 pudorem?

241 1946 385 1977 Torreat.

281 1997 323 2026 82
340 1994 458 2026 Gravis
473 1996 618 2036 AEsopus,
643 2007 713 2037 quoe
737 1998 845 2028 doctus
870 1998 935 2028 Ro-

237 2044 332 2085 scius]
349 2046 426 2076 Duo
438 2045 580 2076 Romani
594 2046 718 2077 theatri
731 2047 868 2086 lumina,
879 2047 935 2078 ille

237 2094 436 2136 Tragoedus,
457 2095 513 2126 hic
530 2095 710 2127 Comoedus
727 2098 852 2136 magis:
877 2097 933 2128 ille

239 2146 385 2186 gravior,
397 2144 485 2186 quod
510 2145 675 2185 tragicam
691 2146 859 2178 actionem
876 2146 935 2178 do-

237 2195 329 2234 cuit;
352 2194 408 2226 hic
434 2193 672 2233 artificiosior;
701 2195 793 2226 unde
818 2199 933 2236 aptum

239 2240 561 2287 utrique'·officium
598 2245 720 2277 tribuit
757 2245 935 2277 Horatius.

239 2296 452 2336 Quamquam
474 2303 542 2326 nou
568 2294 770 2327 histrionicae
786 2301 932 2327 vtantum

239 2345 332 2381 artis,
342 2344 400 2376 sed
412 2344 552 2376 aliarum
563 2344 665 2375 etiam
678 2344 935 2386 disciplinarum

239 2396 362 2436 peritia
377 2404 590 2435 summopere
602 2394 764 2426 laudatur
778 2396 934 2428 Roscius.

240 2445 351 2476 Ambo
375 2450 488 2476 autem
515 2443 671 2475 ditissimi
693 2443 806 2482 fuere,
827 2455 870 2477 ex
885 2446 935 2477 in-

241 2495 334 2534 genti
350 2504 461 2526 scenae
478 2499 624 2535 quaestu.
669 2494 754 2526 Cum
770 2496 856 2527 tales
872 2495 933 2536 igi—

241 2550 295 2574 tur
306 2553 346 2574 ac
359 2544 444 2575 tanti
458 2543 525 2575 duo
536 2544 719 2577 histriones
729 2546 785 2576 isti
797 2545 935 2587 fuerint,

236 2593 364 2628 ¹mirum
388 2603 453 2624 non
477 2600 543 2633 est,
564 2594 688 2626 fabulis
709 2605 792 2637 quas
816 2596 937 2628 actita-

240 2644 325 2675 bant
337 2652 493 2683 magnum
507 2644 549 2675 ab
559 2644 608 2675 eis
622 2645 725 2676 decus
737 2655 777 2677 ac
790 2646 936 2686 pretium

242 2693 433 2725 accessisse..
456 2694 599 2725 Torrent.
626 2695 774 2735 AEsopus,
785 2706 853 2736 quoe
866 2697 936 2728 doc-

242 2746 293 2775 tue
308 2740 452 2781 Roscius]
466 2741 610 2782 AEsopus
628 2744 866 2784 tragoediarum
883 2756 936 2778 ac-

699 211 842 242 NOTAE
874 211 1139 243 VAR10RUM
1175 212 1227 242 IN

988 310 1052 337 tor.
1078 306 1173 347 Egit]
1191 305 1365 338 Recitavit
1379 306 1414 338 in
1429 315 1543 339 scena.

1029 359 1070 387 83
1096 356 1185 391 Quod
1207 357 1327 397 placuit
1354 356 1429 396 sibi]
1453 356 1500 388 Ut
1526 355 1676 398 plerique

986 415 1082 437 senes
1101 407 1224 447 solent,
1249 411 1286 438 et
1302 407 1326 437 ii
1341 407 1398 448 qui
1411 406 1499 437 male
1510 405 1680 446 judie-ut.

986 454 1188 487 Terentium
1204 455 1294 487 enim
1309 455 1372 486 hoc
1394 455 1468 486 loco
1490 454 1615 486 imitari
1630 455 1679 486 vi-

985 503 1087 536 detur
1117 504 1295 536 Horatius:
1329 503 1498 535 ‘Homine
1521 503 1682 545 imperito

985 562 1165 595 numquam
1194 554 1376 595 quicquam
1412 553 1581 595 injustius,
1612 553 1683 587 Qui
1722 553 1728 558 '

985 604 1046 634 nisi
1062 603 1151 645 quod
1169 604 1241 644 ipse
1265 603 1385 641 faciat,
1400 603 1447 634 nil
1463 607 1594 634 rectum
1621 612 1682 643 pu·

986 652 1058 685 tat.¹
1077 653 1219 685 Torreat.
1242 653 1388 693 Ducunt]
1406 652 1625 685 Existimant.

1028 705 1069 735 84
1088 703 1203 734 Parere
1230 702 1414 743 minoribus,
1441 705 1471 734 et
1486 702 1568 743 quoe]
1597 703 1684 734 Con-

985 753 1107 785 cedere
1123 753 1232 794 nobis,
1258 762 1343 795 quos
1358 762 1395 785 se
1410 751 1590 785 inferiores
1609 762 1682 784 esse

986 807 1119 844 putant.

1027 855 1068 884 85
1084 852 1240 884 Imber-bes
1254 852 1406 894 didicere]
1433 851 1682 884 Adolescentes

986 904 1039 934 vel
1056 903 1165 944 pueri.
1188 903 1285 934 Senes
1295 901 1467 943 perdenda]
1479 901 1579 934 Adeo
1593 900 1682 934 diffi-

985 953 1049 984 cile
1065 958 1119 984 est
1134 958 1273 985 assueta
1287 953 1540 994 relinques-emt
1554 961 1621 984 non
1635 957 1683 984 te-

985 1012 1077 1034 mere
1102 1003 1291 1042 Diogenem
1315 1002 1440 1034 dixisse
1463 1001 1597 1034 ferant:
1621 1006 1683 1034 Ne-

983 1050 1058 1091 κρὸν
1087 1050 1247 1093 ἰατρεύειν,
1274 1051 1326 1083 καὶ
1352 1051 1488 1093 ’γέροντα
1516 1053 1682 1091 νουθετεῖν,

983 1100 1099 1133 ταυτὸν
1127 1100 1212 1134 εἶναι.
1254 1102 1418 1133 Mortuum
1435 1111 1562 1141 curare,
1581 1105 1614 1133 et
1626 1103 1683 1133 ad-

984 1160 1107 1182 monere
1121 1161 1236 1190 senem,
1246 1144 1376 1191 perinde
1391 1154 1449 1183 est.
1474 1151 1582 1193 Cruq.
1624 1150 1683 1183 Se-

985 1211 1039 1233 nes
1061 1200 1232 1242 perdenda]
1257 1202 1299 1233 In
1325 1206 1516 1243 senectute,
1541 1211 1584 1233 ea
1609 1210 1683 1234 esse

985 1251 1179 1293 abjicienda
1191 1251 1299 1293 pudet
1311 1250 1427 1283 fateri.

1028 1305 1070 1334 86
1090 1304 1166 1334 Jam
1181 1302 1306 1334 Saliare
1320 1302 1449 1342 Numoe]
1479 1301 1580 1334 Quod
1596 1301 1682 1334 Salii
1717 1313 1722 1315 f

986 1351 1110 1382 Martis
1130 1351 1326 1382 sacerdotes
1343 1360 1365 1382 a
1380 1350 1492 1382 Numa
1512 1350 1682 1391 Pompilio

984 1401 1130 1434 instituti
1155 1401 1308 1433 saliendo
1333 1401 1512 1433 canebant.
1558 1401 1681 1432 Saliare

986 1452 1100 1483 Numae
1107 1451 1244 1491 carmen]
1259 1451 1410 1483 Turneb.
1422 1460 1528 1483 xxw.
1542 1454 1597 1484 25.

1026 1503 1067 1532 87
1093 1501 1182 1537 Quod
1206 1510 1322 1532 mecum
1347 1501 1488 1542 ίςκοναε]
1515 1502 1683 1533 versuum

983 1550 1159 1582 Saliarium
1180 1550 1371 1582 obscuritas
1396 1555 1494 1591 patet
1508 1561 1549 1582 ex
1567 1551 1683 1592 pleris—

985 1610 1051 1641 que
1068 1601 1179 1632 verbis
1195 1601 1271 1632 inde
1288 1601 1462 1637 desumus,
1487 1601 1578 1641 apud
1597 1602 1685 1632 Var-

986 1660 1102 1682 ronem
1119 1651 1221 1692 Liug.
1238 1651 1313 1682 Lat.
1330 1651 1388 1682 lib.
1403 1659 1452 1682 vr.
1467 1659 1609 1692 quorum
1627 1651 1683 1681 vix

985 1709 1098 1741 pauca
1112 1701 1186 1741 ipse
1199 1700 1303 1731 AElius
1316 1706 1493 1731 assecutus
1506 1701 1562 1732 sit.
1609 1700 1644 1731 M
1649 1710 1686 1731 e-

986 1750 1053 1780 rito
1071 1749 1183 1790 itaque
1208 1749 1373 1780 Horatius
1388 1748 1525 1780 iuvidiae
1541 1758 1619 1780 eum
1635 1749 1685 1780 in-

987 1799 1134 1836 simulat,
1145 1798 1201 1839 qui
1213 1808 1255 1829 ea
1265 1798 1355 1829 scire
1363 1807 1401 1829 se
1406 1798 1534 1839 jactet,
1546 1797 1684 1830 minime

986 1849 1118 1889 iisdem,
1141 1849 1263 1890 quibus
1289 1857 1386 1880 senes
1417 1847 1468 1879 illi
1495 1847 1537 1879 de
1560 1848 1684 1890 quibus

986 1904 1064 1929 ante
1096 1899 1195 1937 dixit,
1217 1898 1408 1928 rationibus
1442 1899 1684 1931 excusandum.

989 1948 1127 1979 Tam-ent.
1173 1947 1262 1982 Quod
1277 1956 1394 1977 mecum
1414 1947 1557 1987 ignorat]
1580 1947 1681 1980 Quod

986 1997 1107 2032 nescit,
1124 2005 1220 2036 aeque
1234 2005 1274 2026 ac
1288 2005 1366 2035 ego.

1027 2049 1069 2077 88
1091 2045 1244 2086 sepultis]
1268 2044 1428 2076 Mortuis.

1026 2098 1069 2127 89
1105 2096 1225 2126 Nostra
1251 2095 1305 2126 sed
1331 2094 1511 2136 impugnat]
1541 2095 1682 2136 Scripta

985 2155 1149 2178 uovorum
1185 2145 1386 2177 Poetarum.
1428 2145 1561 2178 Liviana
1596 2147 1680 2188 odit]

986 2196 1094 2229 Nobis
1110 2195 1257 2228 invidus.

1026 2249 1069 2278 90
1086 2246 1177 2282 Quod
1187 2246 1215 2277 εἰ
1224 2249 1289 2277 tum
1306 2245 1429 2277 Groecis
1442 2246 1581 2288 noviens]
1597 2246 1682 2281 Cum
1728 2254 1731 2256 '

985 2296 1028 2328 ab
1040 2296 1131 2328 omni
1146 2295 1317 2327 hominum
1332 2295 1492 2327 memoria
1507 2296 1599 2327 nullo
1615 2305 1682 2328 nou

984 2348 1100 2379 seculo
1124 2346 1262 2378 Graecia
1274 2346 1458 2387 scriptores
1474 2346 1642 2386 habuerit,
1655 2347 1683 2378 si

985 2397 1036 2428 sui
1052 2397 1194 2438 quisque
1220 2395 1326 2427 seculi
1348 2394 1476 2426 invidia
1499 2404 1683 2436 oppressus

985 2446 1178 2485 interisset;
1196 2454 1291 2487 quos,
1318 2445 1442 2487 inquit,
1470 2454 1559 2476 nunc
1581 2445 1684 2477 habe·

986 2505 1110 2535 remus,
1137 2496 1195 2536 qui
1221 2499 1357 2526 veteres
1385 2494 1509 2533 vocari,
1537 2499 1598 2526 aut
1625 2496 1681 2536 qui

985 2546 1121 2576 omnino
1146 2544 1213 2584 legi
1244 2544 1409 2585 possent?
1430 2548 1466 2575 et
1490 2543 1618 2585 facete,
1644 2550 1681 2576 ut

985 2595 1078 2626 cives
1108 2594 1267 2632 solemus,
1289 2593 1339 2624 sic
1364 2592 1468 2624 etiam
1496 2593 1681 2635 scriptores

984 2643 1130 2686 quadam
1146 2643 1280 2683 generis
1293 2642 1446 2674 novitate
1470 2652 1490 2674 a
1515 2643 1682 2675 nobilibus

983 2693 1175 2733 distinguit.
1200 2693 1345 2725 Torrent-

1027 2745 1070 2775 92
1095 2742 1275 2784 Tereretque
1289 2742 1410 2774 viritim
1428 2742 1568 2783 publicus
1592 2742 1680 2783 usus]
