1858 3184
266 205 383 251 1952
690 212 951 246 aecensus
986 211 1274 247 nm'rronuM

265 313 313 347 et·
324 304 659 358 Castigationibus
679 303 915 356 saepiuscule
934 304 1201 344 enarrationes
1213 303 1417 358 pulchras,
1433 310 1620 358 tanquam
1635 307 1714 348 ful-

266 371 381 424 gidas
398 382 588 423 gemmas,
606 368 787 409 intexuit.

291 437 427 475 1520
457 434 589 487 Opera
606 445 655 474 ex
669 446 748 472 rec.
781 431 874 471 Aldi
904 432 1090 480 Manum,
1111 433 1151 472 in
1178 431 1331 475 aedibus
1351 431 1476 474 Andr.
1493 432 1716 509 Cratandri,

266 513 403 540 mense
422 497 644 538 Decembri.
665 497 789 537 Basil.
811 499 851 536 8.

324 565 424 602 1521
458 562 636 602 Odarum
654 561 751 601 liber
772 575 802 601 1.
824 567 864 600 et
885 573 937 601 11.
954 573 1046 600 cum
1066 567 1264 601 annotatt.
1284 561 1400 602 Pauli
1421 548 1575 603 Franci.
1595 562 1720 602 Fran

266 628 346 668 cof.
367 628 420 672 ad
437 641 476 667 v,
498 629 539 667 8.

319 713 376 720 —
403 691 548 744 Opera,
565 703 634 742 per
651 688 900 741 Paganinum
920 688 970 727 de
989 688 1143 741 Pagan.
1163 689 1306 729 Venet.
1330 691 1396 729 12.

323 755 427 794 1522
456 755 503 793 Ρ.
537 753 679 792 Franci
715 753 966 792 Problemata
1003 752 1224 793 Horatiana
1254 767 1325 806 per
1357 753 1542 795 Satiram.
1597 754 1720 807 Typis

265 818 515 865 Hartmanni.
534 818 719 866 Francos.
740 816 792 856 ad
813 830 854 856 ν.
872 819 913 856 4.

324 884 427 922 1523
457 882 589 922 Prima
608 874 732 920 Henr.
764 880 952 920 Glareani
981 894 1071 920 cum
1109 888 1262 921 annott.
1300 882 1497 934 Friburgi
1518 881 1647 934 Brisg.
1681 882 1721 921 8.

263 947 415 987 ‘sextus
433 957 484 986 ex
501 945 650 985 Aldina
666 945 828 985 fluxisse
847 944 1015 988 videtur.
1071 945 1192 986 Plura
1226 946 1387 998 quidem
1420 946 1518 986 vidit
1551 945 1717 984 Glarea-

266 1024 356 1060 nus,
377 1010 448 1050 sed
467 1017 507 1050 et
533 1009 778 1062 arrogantior
795 1015 871 1048 est.
929 1009 1064 1048 Sexies
1085 1010 1181 1049 dein
1195 1010 1375 1062 repetita.

324 1077 429 1114 1524
458 1073 591 1125 Opera
625 1085 695 1124 per
733 1072 935 1111 Valentin.
974 1073 1203 1111 Curionem.
1243 1073 1294 1112 D.
1317 1086 1363 1111 Χ.
1408 1072 1582 1112 Kalend.
1618 1074 1724 1124 Aug.

268 1137 393 1178 Basil.
415 1138 453 1176 8.
474 1149 562 1176 cum
579 1136 724 1174 Juven.
745 1142 785 1173 et
804 1135 956 1174 Persio.
1004 1136 1108 1176 Huic
1139 1135 1300 1174 editioni
1320 1149 1386 1176 an.
1409 1137 1527 1175 1527.
1546 1141 1588 1175 et
1608 1137 1726 1177 1531.

267 1201 460 1255 repetitae,
480 1213 580 1252 quas
603 1199 654 1238 G.
676 1198 880 1238 Fabricius
899 1212 948 1237 ex
967 1198 1166 1251 impressis
1200 1199 1542 1239 emendatissimas
1555 1199 1725 1252 judicat,

266 1267 427 1318 praefuit
443 1263 796 1312 Mich.4Bentinus,
815 1263 882 1315 qui
911 1264 950 1301 in
981 1264 1093 1314 praef.
1123 1270 1304 1310 testatur,
1334 1277 1378 1302 se
1410 1270 1609 1303 vetustum
1636 1264 1727 1304 cod.

267 1330 337 1370 Jo.
357 1327 537 1368 Sichardi
559 1326 812 1375 adhibuisse.
871 1326 1053 1366 Ceterum
1085 1341 1135 1366 ex
1164 1327 1329 1366 Juntino
1362 1328 1542 1378 exemplo
1563 1328 1724 1368 ductam

268 1398 408 1432 censet
426 1392 450 1431 J
455 1391 536 1430 ani.

326 1458 430 1496 1526
459 1455 576 1502 Odae,
595 1454 763 1494 fideliter
785 1453 1024 1503 emendatae,
1043 1467 1132 1494 cum
1153 1455 1414 1497 breviusculis
1430 1456 1672 1508 argumentis
1686 1463 1728 1496 et

268 1521 409 1561 tabula.
426 1519 617 1572 perfacili,
637 1531 717 1570 qua
744 1518 810 1557 lex
828 1519 1014 1557 carminis
1033 1519 1249 1571 cujuslibet
1268 1519 1380 1559 Odes
1399 1521 1620 1560 clarissima
1638 1521 1728 1560 red—

271 1585 391 1632 ditur,
409 1597 479 1636 per
497 1582 630 1622 Nicol.
651 1582 844 1621 Savatier.
860 1582 991 1622 Paris.
1006 1585 1047 1622 4.

328 1649 429 1687 1527
458 1646 607 1685 Aldina
627 1648 685 1685 1‘v.
714 1658 811 1684 cura
832 1646 976 1686 Franc.
997 1646 1180 1685 Asulani.
1213 1647 1356 1687 Venet.
1378 1659 1514 1687 mense
1552 1649 1663 1700 Sept.
1686 1651 1724 1688 8.

323 1735 379 1742 ——
407 1711 615 1758 Poamata,
630 1722 720 1749 cum
740 1716 952 1748 comment.
981 1710 1149 1755 Acronis
1171 1710 1444 1760 Grammafici,
1468 1725 1594 1764 nuper
1609 1726 1727 1764 quam

272 1775 565 1816 accuratissime
599 1773 784 1826 castigati
805 1780 846 1812 et
879 1773 1010 1812 indice
1042 1773 1242 1822 illustrati,
1275 1788 1345 1827 per
1377 1775 1468 1818 Val.
1502 1776 1730 1816 Curionem.

272 1840 395 1879 Basil.
417 1841 455 1879 8.

330 1905 432 1942 1528
463 1903 614 1954 Opera,
648 1915 738 1940 cum
778 1908 988 1940 comment.
1028 1903 1122 1941 Acr.
1161 1902 1309 1953 Porph.
1343 1903 1478 1943 Manc.
1519 1903 1648 1952 Badii‚
1691 1911 1732 1944 et

272 1973 408 2006 annot.
445 1965 594 2006 Matth.
625 1964 820 2011 Bonfinis,
844 1977 890 2003 ac
923 1964 1017 2002 Aldi
1042 1964 1227 2004 Manutii.
1257 1965 1547 2004 Venundantur
1579 1979 1644 2018 ap.
1664 1968 1730 2006 Jo.

271 2030 456 2070 Parvum.
504 2028 737 2067 Excudebat
755 2027 897 2066 Petrus
918 2027 1170 2075 Gromorsus,
1192 2028 1319 2068 Paris.
1340 2028 1409 2070 fol.

325 2116 380 2125 —
408 2093 541 2145 Opera
552 2105 590 2131 c.
609 2105 703 2131 ann.
722 2091 762 2129 in
783 2104 908 2142 marg.
928 2091 1108 2142 adjectis,
1129 2100 1168 2131 et
1185 2092 1239 2131 N.
1256 2092 1407 2131 Perotti
1426 2092 1475 2134 de
1495 2093 1628 2133 metris
1649 2093 1730 2134 Od.

274 2159 376 2199 Hor.
396 2156 547 2204 libello,
566 2168 630 2208 ap.
649 2155 747 2195 Sim.
768 2155 1006 2202 Colinaeum,
1026 2168 1162 2195 mense
1178 2157 1270 2195 Oct.
1290 2156 1418 2195 Paris.
1439 2159 1479 2196 8.

331 2223 436 2262 1529
464 2220 713 2263 Ascensiana
735 2232 777 2259 V.
811 2227 852 2258 et
872 2219 1025 2267 ultima,
1044 2220 1118 2258 sub
1143 2219 1254 2272 prelo
1275 2220 1525 2264 Ascensiano
1546 2220 1598 2261 ad
1627 2221 1672 2261 d.
1692 2235 1729 2261 v.

275 2285 450 2326 Kalend.
471 2285 583 2337 Sept.
603 2283 730 2322 Paris.
752 2283 822 2323 fol.

329 2373 384 2382 —-
412 2338 560 2402 Opera.
589 2350 709 2389 Antv.
730 2349 770 2388 8.

334 2417 438 2456 1530
466 2428 537 2468 per
573 2414 662 2454 Seb.
702 2413 936 2467 Gryphium.
975 2413 1107 2467 Lugd.
1128 2405 1181 2453 8.
1207 2414 1268 2453 Ex
1285 2413 1500 2457 Muretinis
1531 2413 1654 2454 ducta
1672 2413 1730 2454 vi-

277 2481 406 2529 detur,
421 2486 463 2519 et
480 2479 602 2519 octies
622 2478 713 2518 dein
729 2478 894 2531 repetita
911 2484 988 2519 est.

335 2546 435 2584 1531
467 2544 544 2583 Ars
564 2541 736 2596 poetica,
754 2555 845 2582 cum
857 2549 1070 2583 comment.
1089 2542 1182 2582 Auli
1193 2542 1287 2582 Jani
1302 2542 1519 2586 Parrhasii.
1537 2542 1732 2583 Consent.

279 2607 419 2646 Studio
437 2606 669 2646 Bernardini
689 2607 923 2658 Martyrani.
942 2606 1112 2659 Neapol.
1132 2608 1173 2646 4.

332 2691 386 2701 —
415 2671 561 2723 Opera,
581 2683 651 2723 per
669 2670 761 2715 Val.
781 2671 1007 2711 Curionem.
1031 2671 1155 2710 Basil.
1177 2673 1215 2712 8.
1631 2701 1634 2702 γ

333 2756 387 2764 --
413 2734 692 2775 J0.Murmelii
724 2735 838 2775 Modi
871 2733 1116 2787 undeviginti
1148 2735 1324 2776 Odarum
1344 2734 1660 2781 Horatianarum,
1679 2730 1730 2771 ad
