1858 3184
408 265 615 299 uonA‘rn
650 265 996 298 smsvousnum
1032 266 1127 296 mn.
1158 267 1211 297 11.
1241 257 1282 296 1.

118 359 188 394 sive
203 369 346 403 quorum
367 368 496 402 venus,
519 363 676 402 tauquam
699 367 812 390 sacra·

118 411 182 450 ria,
205 410 366 442 virtutem
390 413 483 442 tuam
507 408 717 441 reconditam
740 416 810 440 ser-

118 469 198 491 vare
213 457 371 501 possunt)
385 464 420 492 et
436 468 549 490 eorum
566 468 637 499 prae
661 458 734 490 aliis
757 467 809 489 rs-

116 509 244 542 tionem
266 509 404 548 habeas,
426 507 555 551 aliquid
578 507 642 540 illis
667 507 810 550 amplius

117 568 218 600 quam
234 559 309 591 aliis
323 557 488 591 concedas
500 562 536 591 et
547 557 734 598 indulgeas.
759 557 809 589 Eo

115 613 227 640 autem
238 609 273 641 in
296 617 436 641 numero
455 607 616 650 Virgilius
634 611 671 639 et
689 606 808 638 Varius

115 658 212 700 digni
232 663 314 691 sunt
332 659 391 700 qui
416 660 598 699 ponantur.
642 654 717 688 Nec
745 655 807 688 tibi

114 708 302 750 continget,
315 712 352 740 ut
368 710 461 739 tuum
487 705 530 738 de
550 706 617 738 illis
626 705 807 747 judicium,

113 762 239 801 tuaque
257 758 291 790 iu
306 757 380 789 illos
393 756 589 794 liberalitas,
604 755 807 798 reprehendi

114 808 168 840 vel
182 806 315 840 irrideri
330 807 480 849 possint:
505 807 594 839 sicut
609 806 808 840 Alexander

113 857 290 890 ridiculum
303 857 386 890 sein
400 866 469 889 >suo
483 856 632 889 Choerilo
646 855 807 898 prebuit,

113 916 215 950 quum
239 908 348 941 malos
369 915 487 939 versus
501 916 563 949 pro
584 906 680 939 bonis
705 907 807 940 habe-

112 961 178 998 ret,
205 961 317 990 tamen
341 956 386 989 ob
410 966 468 989 eos
492 955 670 989 munificus
690 955 807 990 fuerit.

168 1059 234 1090 880
262 1055 424 1097 AEdituos]
479 1055 625 1088 Virtutis
663 1055 807 1089 aedituos

111 1106 238 1141 Paetus
261 1111 374 1145 vocnt,
396 1104 450 1136 vel
468 1104 558 1147 quod
577 1105 665 1136 viros
681 1105 808 1138 virtute

112 1155 289 1197 preditos,
297 1164 438 1196 quorum
448 1155 506 1186 ina
516 1154 710 1195 pectoribus
723 1160 807 1187 tam·

115 1215 216 1248 quam
242 1205 376 1246 templis
402 1203 628 1244 inhabitabat,
645 1203 807 1236 adversus

114 1255 275 1299 invidiam
303 1255 373 1287 suis
405 1253 562 1286 laudibus
596 1252 806 1294 defendant;

111 1304 167 1337 vel
179 1303 270 1347 quod
286 1313 349 1346 per
361 1303 522 1336 virtutem
538 1303 644 1344 facta,
665 1313 731 1336 nou
746 1305 806 1336 uli·

111 1356 167 1385 ter
180 1359 280 1395 quam
295 1361 356 1384 sua
378 1352 495 1384 aeditui
509 1361 619 1393 sacra,
642 1352 728 1384 scire
749 1362 805 1385 vo·

109 1402 257 1436 lentibus
271 1406 443 1434 enarrant.
474 1400 590 1443 Atque
601 1401 720 1434 eodem
734 1401 805 1434 fere

108 1452 222 1494 modo,
233 1453 244 1472 ⁶
257 1451 400 1485 Virtutis
416 1460 505 1484 verae
524 1456 638 1484 custos
660 1451 806 1493 rigidus-

109 1513 176 1543 que
209 1502 372 1543 satelles,’
406 1501 634 1544 Philosophus
667 1501 805 1536 dicitur.

109 1555 121 1572 ⁸
142 1553 288 1586 AEditni·
315 1561 396 1585 vero
430 1553 484 1584 vel
512 1556 523 1571 ⁴
541 1552 720 1593 AEditimi‚’
751 1558 804 1594 ut,

109 1604 264 1637 Varrone
290 1608 327 1637 et
350 1603 463 1637 Gellio
489 1604 646 1643 testibus,
667 1609 803 1637 veteres

107 1654 349 1698 loquebantur,
374 1653 575 1686 vocabulum
598 1654 804 1686 Grammati—

109 1713 227 1738 corum
258 1703 457 1736 nobilissimi
488 1703 614 1745 duplex
643 1713 717 1735 esse
745 1713 803 1735 vo·

109 1754 226 1786 lueret
250 1753 304 1785 vel
330 1762 351 1784 a
373 1751 508 1784 tuendis
532 1752 663 1784 aedibus
687 1753 807 1794 sacris,

110 1803 165 1835 vel
191 1803 288 1845 quasi
310 1802 395 1834 oedis
418 1802 574 1834 intimum
604 1802 709 1834 dicas.
731 1802 804 1833 Tor·

109 1857 192 1886 rent.
227 1853 377 1885 AEditaos
387 1851 514 1893 habeat]
526 1847 653 1886 Quales
667 1851 807 1893 Poeta,

109 1902 268 1945 Metaph.
283 1902 388 1934 ducta
411 1901 454 1933 ab
473 1901 618 1933 AEdituis
632 1909 805 1934 sacrarum

110 1952 233 1987 odium
247 1951 460 1985 custodibus.

150 2005 213 2036 2⁸1
250 2001 372 2043 Vir-m,
407 2000 550 2041 indigno,
579 2000 651 2043 ξω]
684 2001 803 2034 Virtus

109 2057 182 2093 tua,
195 2062 217 2086 o
233 2051 401 2094 Anguste.

148 2105 214 2136 228
237 2100 409 2142 cnei-itas]
430 2099 574 2142 Xotpauw
588 2106 623 2133 et
644 2100 804 2144 Χαίριλον,

109 2152 210 2186 modo
224 2151 315 2185 idem
330 2160 454 2184 nomeu
468 2152 526 2191 sit,
542 2157 663 2183 vocant
678 2151 804 2185 Greci.

111 2202 265 2236 crearit-n
283 2203 400 2244 itaque
422 2201 636 2233 scribendum
652 2206 720 2241 est,
735 2212 804 2234 non

112 2251 266 2285 Cher-ihs.
309 2251 356 2284 Et
375 2250 514 2283 Chaerili
527 2250 677 2292 quidem,
693 2252 805 2292 patria

110 2302 228 2345 Samii,
242 2302 285 2334 ab
299 2300 479 2334 Herodoto
490 2299 633 2332 Athenis
645 2301 804 2344 instituti,

112 2351 170 2394 qui
196 2357 234 2384 et
255 2349 516 2384 Atheniensium
535 2348 696 2381 adversus
714 2351 804 2382 Xer-

115 2409 193 2432 xem
217 2404 252 2432 et
278 2398 446 2442 Lysandri
470 2398 803 2432 Lacedoemoniorum

113 2449 212 2481 ducis
227 2459 282 2481 res
298 2454 418 2493 gestas,
427 2449 577 2480 carmine
597 2449 749 2490 scripsit,
768 2455 805 2484 et

111 2498 318 2531 Plutarchus
331 2503 369 2531 et
383 2499 441 2530 alii
463 2500 658 2532 meminere.
677 2500 805 2534 Verum

112 2548 210 2581 fuere
225 2548 340 2589 plnres
352 2547 491 2580 Choerili
503 2547 635 2580 Poetae.
659 2549 807 2584 Turneb-

114 2606 225 2630 xxvr.
238 2600 293 2630 25.
306 2601 344 2629 et
355 2605 476 2629 xxvu.
488 2599 521 2630 4.
545 2597 685 2631 Torreat.
714 2601 806 2634 c1noe-

113 2647 207 2690 νῦν]
242 2646 354 2679 Poeta
382 2646 621 2687 ineptissimus.
674 2650 806 2684 lucanis

113 2697 168 2740 qui
191 2695 343 2738 mnibus]
369 2694 467 2728 Ordo
486 2700 560 2728 est:
585 2697 654 2732 Qui
675 2699 804 2742 Philip-

113 2757 175 2790 pos
194 2746 326 2789 (regale
347 2745 527 2788 numisma)
547 2745 663 2781 retulit
684 2759 805 2792 accep·

115 2801 169 2830 tos
184 2796 334 2830 versibus
347 2796 484 2829 incultis
499 2801 534 2829 et
553 2797 639 2830 male
655 2800 756 2842 natis,
769 2800 804 2832 id

1449 257 1559 300 1861

861 361 924 395 est,
947 356 1004 398 qul
1027 356 1194 398 gloriatus
1216 363 1270 390 est
1290 365 1327 389 se
1354 357 1397 389 ab
1414 358 1561 392 Alexan-

860 406 1117 448 druPhilippos
1141 406 1307 440 beneficio
1332 417 1468 440 suorum
1486 419 1559 441 ver-

859 467 954 490 suum
977 458 1168 490 abstulisse.
1215 459 1303 491 Male
1322 459 1421 499 natis]
1445 460 1563 491 Versi-

859 506 922 539 bus
938 507 1026 539 male
1039 507 1246 550 compositis,
1262 509 1370 540 iuvita
1391 509 1561 543 Minerva.

898 558 964 589 284
989 556 1286 599 Regu-tenuram]
1302 558 1559 591 Nummosima-

858 607 935 649 gine
951 607 1102 648 Philippi
1118 609 1209 648 regis
1225 609 1388 649 signatos.

898 658 962 688 2³⁶
979 657 1129 688 Tria-tutu
1136 657 1256 697 mom]
1274 657 1475 689 Atramenta
1486 667 1557 690 ma-

856 707 954 740 nibus
970 712 1194 741 contrectata.
1240 709 1434 750 Rentittunt]
1464 711 1554 743 Red-

857 758 954 791 dunt.

899 811 963 841 2³6
986 808 1067 842 Fere
1079 810 1261 852 scriptores]
1284 809 1341 843 Sic
1358 808 1433 843 fere
1449 810 1557 852 scrip·

858 861 964 898 tores,
978 860 1044 890 &c-

896 910 960 941 287
987 908 1119 951 mum]
1138 909 1349 952 Deturpsnt.
1375 911 1463 943 taem
1478 911 1555 953 res]

856 957 1065 991 Alexander.

896 1011 961 1041 288
985 1009 1063 1040 Tum
1085 1019 1157 1042 cure
1179 1009 1333 1051 prodigas
1357 1009 1448 1051 emit]
1468 1010 1554 1042 Tam

855 1066 936 1090 caro
953 1059 1078 1099 pretio.

897 1110 962 1139 289
983 1108 1138 1150 Apeuem]
1162 1107 1293 1149 Apellen
1320 1107 1474 1141 scribunt
1496 1117 1556 1140 an-

857 1157 1036 1199 tiquissimi
1063 1158 1166 1190 codd.
1192 1159 1362 1201 quinque:
1386 1164 1423 1190 ut
1454 1159 1556 1200 paulo

856 1211 936 1239 ante
956 1208 1119 1240 nomisma.
1161 1208 1273 1242 Quam
1301 1213 1418 1250 gratus
1441 1212 1555 1240 antem

856 1257 1052 1290 Alexandro
1067 1258 1209 1299 Apelles
1230 1257 1350 1297 fuerit,
1363 1257 1483 1290 videre
1503 1262 1557 1289 est

853 1307 943 1349 apud
955 1307 1107 1340 Plinium
1119 1314 1236 1340 xxxv.
1247 1310 1301 1340 1⁰.
1325 1308 1471 1340 ron-ene.

896 1359 960 1390 24⁰
982 1357 1051 1390 Ant
1075 1357 1158 1389 aliun
1183 1357 1338 1399 Lysippo]
1371 1357 1444 1389 Aut
1469 1356 1555 1389 alios

853 1414 955 1448 quarn
986 1406 1158 1448 Lysippus
1186 1406 1325 1448 insignis
1354 1406 1553 1440 statuarius.

854 1457 994 1490 Duceret
1006 1457 1087 1499 σπι]
1112 1457 1190 1490 Hoc
1206 1462 1272 1498 est,
1294 1466 1338 1489 ex
1365 1465 1435 1489 aere
1450 1457 1554 1490 duce-

853 1511 908 1540 ret
933 1507 1176 1548 Alexandrum,
1206 1513 1246 1539 ut
1272 1506 1414 1549 Apelles
1437 1507 1554 1548 pinge-

852 1557 922 1595 bat.
955 1557 1137 1600 sculpebat
1165 1558 1381 1599 Pyrgoteles.
1425 1557 1555 1599 Inepta

852 1606 956 1645 igitur
967 1607 1121 1639 Lambini
1133 1606 1305 1639 dubitatio
1321 1611 1384 1644 est,
1396 1617 1483 1639 anne
1499 1608 1553 1638 vel

845 1655 998 1693 funderet
1014 1656 1070 1688 vel
1091 1657 1214 1688 cuderet
1237 1656 1352 1696 aptius
1373 1657 1555 1697 legeretur.

854 1706 943 1737 Nam
961 1710 998 1738 et
1012 1705 1145 1738 Plinius
1161 1707 1212 1738 ita
1224 1707 1387 1748 loquitur,
1401 1711 1438 1738 ut
1454 1707 1554 1739 modo

853 1753 1017 1787 vidimus:
1040 1760 1077 1787 et
1093 1756 1234 1788 verbum
1246 1757 1257 1774 ⁸
1270 1755 1413 1788 ducere’
1427 1757 1471 1789 ad
1483 1766 1554 1789 om·

853 1811 915 1837 nes
926 1805 1029 1837 hasce
1045 1810 1135 1838 artes
1150 1806 1306 1838 idoneum
1319 1815 1406 1847 esse,
1418 1816 1462 1839 ex
1478 1808 1554 1840 No-

853 1854 910 1886 nio
935 1859 971 1887 et
997 1855 1074 1887 aliis
1100 1865 1128 1888 1.
1157 1856 1231 1888 Sat.
1255 1859 1309 1888 10.
1330 1856 1554 1888 ostendimus.

853 1903 970 1946 Atque
995 1904 1045 1936 ita
1058 1905 1156 1946 Virg-
1192 1905 1204 1923 ‘
1220 1905 1327 1937 Vivos
1352 1904 1483 1938 ducent
1507 1905 1552 1938 de

851 1960 1018 1986 marmore
1041 1953 1179 1986 vultus!
1204 1953 1296 1996 quod
1311 1957 1426 1986 tamen
1441 1955 1551 1987 minus

852 2004 991 2045 proprie
1016 2003 1145 2036 dictum
1168 2003 1276 2036 videri
1304 2004 1426 2046 possit,
1449 2014 1550 2047 quam

850 2056 861 2072 ‘
879 2063 922 2086 ex
945 2064 1014 2087 aere
1036 2054 1163 2087 ducere
1176 2053 1185 2068 ’
1200 2058 1260 2087 aut
1281 2056 1292 2073 ⁴
1309 2055 1435 2087 ducere
1457 2055 1552 2087 aera.'

853 2104 996 2138 Torrent-
1038 2105 1272 2146 Ducentem]
1293 2105 1484 2139 Formi-et.

892 2157 955 2187 241
978 2154 1181 2196 simulantia,
1205 2153 1276 2196 ξω]
1311 2156 1551 2198 Exprimentia

852 2205 995 2238 vultum.

892 2257 957 2287 242
977 2255 1138 2287 Judicium
1171 2254 1299 2296 subtile]
1336 2254 1387 2294 Si,
1426 2255 1549 2297 iuquit,

851 2303 1039 2337 Alexandri
1061 2313 1203 2337 acumen
1225 2313 1291 2336 uon
1323 2303 1465 2345 picturae
1490 2310 1551 2336 aut

852 2354 1040 2396 sculpturae
1074 2354 1218 2394 artibus,
1244 2352 1304 2384 sed
1334 2353 1438 2384 Poesi
1461 2353 1551 2385 aesti·

851 2403 975 2436 manda
989 2403 1224 2446 expenderes;
1246 2412 1314 2434 nou
1336 2402 1493 2435 subtilem
1510 2413 1552 2436 ae

852 2454 997 2495 vafrum,
1022 2454 1082 2486 sed
1108 2454 1229 2485 nullius
1249 2452 1375 2493 judicii
1399 2462 1473 2485 esse
1494 2455 1552 2486 vel

847 2504 987 2546 juratus
1009 2504 1154 2535 diceres.
1198 2502 1313 2543 Atque
1342 2501 1393 2534 ita
1413 2501 1550 2544 quidem

854 2563 897 2586 ex
921 2563 958 2585 re
988 2552 1149 2593 praeseuti
1181 2550 1366 2582 Horatius:
1397 2551 1458 2584 sed
1488 2562 1550 2585 rex

854 2602 913 2634 ille
933 2602 1202 2643 potentissimus,
1218 2604 1255 2632 et
1271 2610 1398 2633 summo
1413 2602 1550 2644 ingenio

855 2651 1033 2694 praeditus,
1056 2650 1268 2692 edoctusque
1292 2649 1336 2682 ab
1351 2651 1554 2694 Aristotele,

855 2701 962 2732 multo
977 2700 1096 2731 melius
1111 2699 1154 2732 do
1177 2700 1413 2742 scriptoribus,
1429 2702 1549 2735 Poetis

855 2750 1012 2790 maxime,
1026 2750 1082 2792 qui
1097 2750 1284 2783 Homerum
1299 2757 1469 2793 perpetuo
1489 2753 1550 2784 de-

856 2798 1036 2841 sideraret,
1058 2808 1158 2842 quam
1179 2799 1223 2832 de
1250 2800 1435 2834 artificibus
1456 2801 1548 2842 judi-
