1858 3184
456 250 661 282 HORATH
696 251 759 281 DE
789 250 920 290 ARTE
952 250 1159 281 POss'ricA
1196 251 1288 281 Lis.

148 346 283 384 guntur.
327 343 369 375 In
387 344 564 386 Tragoedia
579 352 657 375 vero
672 347 751 375 sunt
769 343 838 375 He·

147 392 236 432 ro‘es,
263 392 385 434 Reges,
411 393 576 435 debetque
600 392 700 424 altius
729 392 837 423 insur-

146 450 239 481 gere.
279 441 460 474 Sciendum
477 452 577 483 porro
591 442 768 474 Horatium
782 442 836 473 hic

145 490 239 530 loqui
254 490 297 521 de
311 500 399 522 nova
414 491 598 528 Comoedia,
623 500 689 523 non
713 490 756 522 de
783 499 838 522 ve·

146 539 223 571 teri.
267 541 356 572 Nam
372 545 468 572 vetus
485 541 654 573 sonantior
674 551 714 572 ac
734 540 838 572 subli-

145 589 231 621 mior
254 596 340 627 erat,
360 590 522 632 siquidem
547 596 582 622 et
602 591 722 622 choros
737 590 836 622 habe-

145 636 218 675 bat,
230 644 266 671 et
277 639 565 680 grandiloquentia
575 639 745 676 utebatur,
755 639 836 670 mul·

144 692 247 729 tsque
261 689 418 728 habebat,
442 693 479 719 nt
504 687 744 729 Aristophanes
767 692 834 719 tra-

143 737 208 776 dit,
228 746 302 770 cum
317 737 498 776 Tragoedia
521 736 720 769 communia.
745 737 835 768 Nan-

143 785 225 818 ns‘us.
268 785 344 816 Non
358 784 439 825 cult]
463 785 541 816 Non
557 785 672 816 debet.

183 836 226 869 90
248 833 440 873 Indignatur
453 834 543 875 iton]
572 835 699 866 Contra
714 834 836 875 probat

140 892 195 915 res
201 883 359 924 Tragicas
367 888 402 915 et
413 884 574 916 cothurno
582 883 714 925 dignas,
724 884 834 916 Corni-

139 933 188 965 cis
203 933 315 965 verbis
329 942 395 965 non
412 934 550 965 includi.
565 934 721 966 Nunnius.
754 934 833 966 Pri-

139 982 221 1014 vatis
246 983 298 1024 ac]
338 982 545 1025 Humilibus,
574 985 693 1025 quales
724 985 835 1017 solent

141 1040 216 1063 esse
238 1032 386 1064 homines
411 1033 547 1073 privati,
572 1034 629 1074 qui
656 1034 832 1075 magistra-

141 1084 212 1112 tum
227 1090 293 1112 non
309 1086 441 1122 gerunt.
484 1082 530 1113 At
542 1092 635 1123 prope
649 1093 733 1114 socco
750 1084 833 1123 Dig-

140 1130 206 1171 nis]
232 1130 272 1162 Id
287 1137 351 1166 est,
363 1130 472 1171 dignis
484 1141 556 1172 qnae
574 1133 834 1172 pronuntientur

141 1178 176 1209 in
191 1178 326 1210 actione
341 1178 524 1211 Comoediae
542 1181 584 1211 ab
607 1180 770 1212 histrione
786 1181 834 1212 in-

141 1227 226 1259 duto
252 1229 373 1260 soccis.
405 1228 558 1261 Piscator.
610 1230 715 1271 Prope
737 1231 836 1273 socco]

141 1276 240 1318 Stylo
254 1278 392 1309 comico.

182 1328 223 1358 91
251 1327 346 1358 Goeua
363 1328 518 1370 Thyesta]
549 1330 712 1370 Thyestes
736 1335 771 1362 et
788 1330 834 1362 A·

140 1380 234 1407 treus
250 1373 374 1408 fratres
389 1379 539 1418 germani
561 1378 710 1411 fuerunt.
746 1380 835 1421 'rhy-

139 1430 230 1457 estes
246 1424 361 1458 fratris
373 1437 511 1460 uxorem
525 1428 690 1461 adulterio
701 1430 834 1470 stupra·

139 1474 200 1512 vit,
216 1484 316 1517 quam
330 1485 400 1510 rem
415 1476 473 1509 ubi
487 1477 613 1510 Atreus
630 1479 835 1520 rescivisset,

139 1528 209 1565 tam
219 1525 356 1566 indigne
369 1527 460 1567 tulit,
472 1533 509 1559 ut
522 1527 636 1560 fratris
647 1527 732 1560 filios
743 1539 832 1561 mac-

138 1575 234 1615 tarit,
256 1576 401 1616 coxerit,
424 1582 555 1616 coctos,
580 1578 833 1610 manducandos

139 1625 229 1665 patri
255 1626 464 1666 apposuerit.
509 1626 601 1658 Hinc
616 1636 701 1658 coena
717 1628 832 1668 Thyes-

138 1677 188 1706 tea
202 1673 328 1706 dicitur
342 1675 505 1716 quaelibet
518 1685 615 1706 coena
628 1677 681 1707 vel
695 1677 831 1716 epulum

139 1725 446 1764 sanguinolentum,
461 1725 519 1756 ubi
541 1726 630 1756 inter
645 1726 766 1765 pocula
781 1725 833 1756 di-

140 1773 332 1812 gladiantur
347 1774 518 1805 convivae:
539 1775 591 1804 vel
609 1774 667 1804 nbi
681 1775 833 1806 humanae

140 1830 260 1852 carnes
274 1827 502 1862 apponuntur.
547 1823 689 1863 Capitur
704 1825 756 1855 hic
773 1834 833 1865 pro

140 1871 256 1912 quavis
285 1871 429 1902 materia
455 1872 596 1912 Tragica
625 1877 660 1904 et
689 1872 832 1909 funesta,

140 1920 248 1961 qualIs
263 1919 298 1951 in
312 1920 498 1961 Tragoediis
519 1922 719 1961 postulatur.
744 1924 831 1954 Nan-

138 1969 220 2001 nius.
275 1969 371 2000 Coena
399 1969 553 2009 Thyeste]
585 1970 763 2010 Tragoedia
788 1972 831 2002 de

137 2021 282 2061 Thyeste
298 2021 438 2063 scripta,
452 2022 589 2062 ponitur
602 2022 656 2054 hic
669 2032 730 2064 pro
742 2024 831 2055 omni

137 2070 326 2111 Tragoedia.

190 2123 232 2152 92
264 2120 398 2161 Singula
426 2122 567 2164 quoeque]
610 2124 830 2165 Unaquaeque

137 2171 292 2208 materia,
322 2172 394 2203 sive
424 2174 566 2213 comica,
587 2173 658 2204 sive
686 2174 830 2215 tragica,

138 2229 199 2252 suo
214 2221 362 2253 carmine
377 2221 513 2254 decenti
529 2228 566 2254 et
589 2223 725 2264 proprio
741 2229 830 2255 trac·

138 2274 243 2302 tetur.
286 2270 423 2310 sortita]
446 2272 494 2303 Ut
509 2281 579 2303 sors
596 2274 724 2305 tulerit.

178 2321 221 2351 9³
239 2319 344 2359 Tollit,
355 2320 426 2361 ⁸50·]
450 2321 622 2353 Comoedia
637 2332 750 2355 vocem
766 2324 830 2356 tol·

137 2367 189 2408 lit,
209 2379 311 2410 quum
333 2369 460 2411 aliquid
480 2370 652 2411 indignum
669 2371 830 2405 describi-

138 2422 192 2448 tur
206 2424 242 2449 et
259 2417 444 2451 infandum.

181 2468 223 2498 94
239 2467 402 2508 Iratamque
417 2468 577 2509 Chremes]
593 2468 694 2509 Apud
705 2471 829 2503 Teren-

139 2514 234 2545 tium.
279 2515 408 2547 Tumida
421 2518 568 2557 delitigat
583 2518 650 2559 ore]
675 2519 828 2561 Tragicis

139 2563 253 2595 verbis
269 2564 393 2595 acriter
408 2565 533 2605 litigat.

182 2615 223 2644 95
246 2613 392 2646 Sermone
413 2615 566 2657 pedestri]
602 2617 828 2661 Quaecumque

140 2664 228 2695 enim
243 2672 309 2694 non
324 2669 505 2705 assurgunt
517 2674 625 2707 neque
640 2668 740 2700 altius
754 2679 828 2701 sese

140 2711 298 2752 efferunt,
318 2721 436 2753 repere
451 2718 488 2745 et
502 2714 673 2755 pedestria
688 2727 762 2749 esse
779 2718 828 2749 di-

141 2765 274 2795 cuntur.
298 2760 355 2793 Sic
367 2762 456 2803 apud
469 2762 636 2796 Romanos
649 2765 828 2801 Senatores

1476 238 1588 282 1887

890 341 1020 383 pedarii
1028 345 1064 372 et
1073 339 1238 372 minorum
1247 340 1481 381 gentium,non
1490 347 1590 374 erant

891 395 993 422 tsntae
1010 389 1224 422 auctoritatis
1238 390 1271 420 in
1286 389 1459 421 sententia
1471 389 1589 422 dicun·

889 440 934 472 da
969 440 1139 480 rebusque
1175 439 1414 479 decernendis,
1451 446 1586 481 quantae

890 493 988 521 erant
1003 489 1150 530 curules,
1177 494 1214 521 et
1240 489 1402 530 majorum
1424 489 1589 529 gentium,

889 539 945 580 qui
963 540 997 571 in
1013 539 1116 579 sellis,
1141 540 1195 571 vel
1211 539 1382 571 curulibus
1399 540 1432 571 in
1450 540 1589 580 Capito·

889 589 970 620 lium
983 588 1235 620 deferebantur.
1252 589 1409 621 Nunnius.
1444 589 1590 622 Sermone

886 639 1040 680 pedestri]
1063 639 1192 670 Humili
1209 639 1372 671 dictione.

931 691 973 720 96
999 688 1149 728 Telephus
1176 692 1206 720 el
1239 689 1363 730 Peleus]
1410 688 1587 721 Hactenus

890 737 997 779 prima
1013 748 1091 779 pars
1113 738 1340 779 exceptionis,
1364 739 1465 771 Quod
1484 741 1588 772 inter-

889 787 969 820 dum
994 788 1027 819 in
1055 788 1220 820 comoedia
1247 789 1341 820 locus
1367 789 1412 819 sit
1439 790 1586 820 sermoni

888 837 1008 877 grandi
1021 843 1056 869 et
1072 838 1240 878 Tragic03
1264 837 1416 879 sequitur
1435 838 1490 869 hic
1508 847 1586 878 pars

887 887 1102 928 exceptionis
1119 888 1238 922 alters.
1253 886 1352 920 Quod
1367 886 1535 918 interdum
1553 887 1586 917 in

886 936 1066 976 Tragoedia
1096 936 1191 968 locus
1222 936 1266 968 sit
1295 936 1441 967 sermoni
1469 935 1586 967 humili

887 987 1036 1018 comico:
1060 986 1218 1027 Exempli
1235 986 1359 1027 gratia,
1374 995 1476 1027 quum
1490 985 1588 1017 Tele·

887 1036 973 1077 plius
994 1040 1030 1068 et
1045 1036 1167 1076 Peleus
1184 1035 1358 1077 (personae
1372 1035 1503 1067 scilicet
1521 1040 1587 1067 tra-

887 1084 993 1125 gicae)
1020 1085 1279 1116 introducuntur
1304 1089 1342 1115 ut
1370 1094 1536 1124 pauperes
1553 1090 1587 1115 et

887 1134 1018 1172 exules,
1039 1139 1284 1173 conquerentes
1300 1133 1343 1166 de
1359 1143 1420 1165 sua
1435 1133 1586 1164 fortuna.

887 1183 1043 1215 Piscator.
1091 1183 1237 1223 Telephus
1261 1186 1292 1214 et
1315 1181 1444 1222 Peleus]
1467 1184 1586 1224 Tragi-

888 1242 964 1264 cnm
990 1233 1091 1264 etiam
1116 1233 1268 1274 pedestri
1292 1232 1407 1264 dolere
1430 1242 1585 1264 sermone

889 1282 1012 1323 probat
1047 1281 1236 1322 Tragoediis
1270 1281 1459 1322 Euripidis,
1495 1282 1584 1322 apud

887 1341 986 1371 quem
1002 1340 1101 1371 reges
1118 1330 1151 1361 hi
1178 1331 1212 1361 in
1237 1339 1376 1361 scenam
1403 1330 1586 1370 prodeunt.

886 1381 1079 1413 Videndum
1100 1381 1189 1412 enim
1216 1385 1255 1412 ut
1277 1380 1323 1412 sit
1338 1386 1420 1421 apta
1435 1380 1584 1413 fortunae

889 1440 964 1463 vox.
1007 1431 1179 1472 Telephus
1206 1440 1306 1473 porro
1323 1432 1398 1463 Rex
1412 1431 1479 1464 fuit
1506 1433 1582 1473 My-

887 1491 1020 1520 sorum;
1044 1482 1086 1514 ad
1114 1491 1215 1523 quem
1239 1491 1314 1514 cum
1332 1482 1446 1514 Graeci
1473 1483 1585 1514 diver-

886 1531 1021 1572 tissent,
1043 1542 1226 1573 agrumque
1251 1537 1454 1571 vastassent,
1469 1542 1584 1574 pugna

887 1583 1064 1614 commissa
1081 1582 1124 1613 ab
1141 1582 1275 1614 Achille
1291 1584 1486 1615 vulneratus
1508 1589 1560 1615 est
1574 1594 1584 1614 :

886 1640 1027 1672 cumque
1038 1633 1170 1663 vulneri
1182 1632 1346 1664 medelam
1359 1631 1481 1664 afferre
1493 1633 1585 1664 nulla

886 1681 1016 1712 ratione
1031 1686 1160 1721 posset,
1176 1683 1331 1713 consulto
1357 1682 1506 1720 oraculo,
1532 1692 1585 1713 re-

885 1739 1042 1769 sponsum
1067 1731 1157 1770 tulit,
1184 1731 1226 1761 ab
1252 1730 1368 1760 eadem
1385 1741 1453 1771 qua
1470 1732 1586 1763 vulne-

886 1783 981 1809 ratus
1005 1783 1080 1810 erat
1106 1780 1213 1816 basta.
1236 1780 1398 1810 auxilium
1414 1789 1451 1811 se
1467 1790 1584 1812 conse-

887 1828 944 1868 qui
958 1838 1067 1868 posse.
1092 1828 1183 1860 Hinc
1195 1829 1298 1861 Ovid.
1309 1831 1318 1846 ¹
1327 1829 1459 1861 Vulnus
1468 1829 1584 1862 Achil-

885 1877 939 1908 leo
951 1877 1041 1918 quod
1057 1878 1224 1919 quondam
1240 1877 1372 1910 fecerat
1386 1879 1487 1915 hosti,
1500 1881 1584 1912 Vul-

885 1926 975 1957 neris
986 1927 1146 1959 auxilium
1161 1927 1276 1959 Pelias
1287 1928 1382 1959 hasta
1395 1928 1499 1961 tulit:
1520 1931 1583 1962 Pe-

884 1977 948 2008 leus
963 1982 1091 2015 autem,
1107 1978 1148 2008 de
1164 1987 1229 2019 quo
1243 1977 1303 2015 hie
1316 1977 1494 2018 Horatius,
1512 1979 1582 2012 fra-

885 2030 970 2057 trem
996 2026 1135 2067 occidit,
1159 2036 1200 2058 ac
1226 2027 1369 2068 proinde
1392 2028 1426 2059 in
1443 2029 1580 2061 exilium

883 2081 993 2117 actus,
1014 2086 1186 2119 regnoque
1202 2083 1325 2110 exutus
1341 2083 1406 2110 est.
1451 2079 1580 2111 Omnes

883 2126 972 2157 enim
997 2126 1174 2158 liomicidae
1201 2128 1291 2168 apud
1309 2123 1443 2160 veteres
1459 2130 1493 2160 in
1510 2131 1582 2161 exi-

883 2175 962 2206 lium
979 2176 1181 2217 agebantur.
1226 2177 1319 2218 Apte
1343 2187 1423 2210 vero
1447 2179 1582 2211 induxit

882 2224 939 2255 has
954 2225 1035 2256 duas
1050 2226 1241 2266 Tragoedias
1257 2227 1368 2259 Poeta
1383 2228 1580 2268 ingeniosis-

883 2273 996 2315 simus,
1006 2280 1042 2306 ut
1056 2276 1178 2316 probet
1190 2276 1427 2308 misericordiae
1441 2282 1477 2308 et
1490 2288 1578 2309 com-

882 2324 1088 2355 miserationi
1099 2325 1310 2357 concitandae
1322 2334 1405 2365 opus
1416 2334 1491 2357 esse
1505 2336 1579 2357 ver-

883 2373 935 2404 bis
952 2373 1136 2411 flebilibus‚
1164 2380 1202 2407 ut
1230 2384 1313 2405 voce
1329 2375 1511 2406 miserabili
1527 2376 1578 2408 af-

881 2422 991 2455 fectus
1008 2432 1191 2456 moveatur.
1216 2425 1371 2456 Nunnius.
1418 2425 1578 2466 Telephus,

881 2473 950 2513 ἕνα]
973 2474 1143 2513 Telephus
1165 2474 1339 2514 Mysorum
1356 2482 1416 2504 rex
1432 2474 1465 2505 in
1481 2484 1577 2515 eges-

882 2526 952 2553 tate
974 2527 1128 2554 versatus
1151 2522 1315 2561 tragicum
1341 2528 1575 2563 argumentum

881 2570 1041 2610 praebuit,
1050 2570 1212 2610 ampullas
1226 2576 1351 2610 tamen,
1362 2571 1413 2613 (id
1427 2577 1490 2613 est,
1500 2582 1575 2605 ver·

883 2619 926 2649 ba
951 2619 1087 2657 turgida
1113 2624 1148 2649 et
1175 2619 1268 2650 venti
1296 2620 1411 2662 plena)
1436 2623 1574 2655 omittit.

882 2667 1038 2707 Metaph.
1051 2672 1103 2698 est
1113 2667 1216 2700 ducta
1227 2678 1247 2699 a
1261 2669 1344 2700 vasis
1356 2665 1484 2712 vitreis,
1496 2683 1572 2714 quae

883 2716 1028 2748 artifices
1050 2726 1110 2748 suo
1136 2717 1258 2759 spiritu
1285 2719 1501 2752 vehementer
1522 2723 1572 2753 in-

881 2764 977 2799 flant.
1004 2767 1127 2811 Peleus,
1142 2778 1231 2810 quum
1238 2778 1355 2812 pauper
1365 2774 1394 2803 et
1407 2774 1478 2805 exul
1489 2777 1572 2806 uter-
