1858 3184
293 215 410 264 1946
713 227 973 260 Rsscnnsus
1006 227 1214 261 nnn-ros
1223 228 1294 262 uu

346 332 448 371 1487
479 329 792 370 Mediolanensis
826 329 955 368 Zaroti
986 329 1172 370 laudatur
1203 329 1737 386 ap.Dm1'glasiuultineque

288 395 443 436 differre
461 394 616 436 videtur
629 394 679 433 ab
697 393 766 432 illa
785 405 849 433 an.
872 394 991 432 1486.

297 487 300 490 -
344 461 447 500 1488
477 459 529 504 Q
551 459 606 498 Η.
622 458 670 496 Γ.
683 456 839 509 epodon
854 457 966 497 liber
982 457 1134 509 Liptzk.
1148 471 1181 497 ει
1195 458 1297 498 fides
1309 458 1738 511 Douglasiohabend·

343 526 447 564 1490
475 523 630 561 Veneta
647 534 706 561 vr.
739 534 829 560 cum
859 534 1002 561 comm.
1025 522 1191 561 Landini
1213 536 1282 576 per
1312 523 1379 563 Jo.
1407 523 1458 562 de
1491 523 1667 564 For-livio
1699 528 1740 563 et

288 588 433 628 socios.
449 586 538 626 Fol.
558 585 746 638 Repetite.
759 598 808 624 ex
826 585 896 624 illa
913 598 979 625 an.
1003 587 1120 626 1483.
1793 588 1796 590 ’

337 674 392 681 -—
418 651 576 690 Veneta
594 662 695 688 ΝΠ.
740 649 899 702 Opera:
929 663 967 689 c.
1003 651 1297 690 commentariis
1332 651 1517 700 Acronis,
1554 650 1738 704 Porphy—

283 716 419 763 rionis,
438 721 480 754 et
498 713 691 758 Landini;
721 727 791 767 per
809 714 1026 765 Georgium
1047 715 1300 763 Arrivabene,
1330 715 1609 755 Mantuanum.
1629 713 1736 754 Prid.

279 781 385 821 Non.
407 779 522 819 Febr.
546 790 763 818 mccccxc.
804 777 948 817 Venet.
983 778 1071 818 Fol.
1110 778 1284 818 Editioni
1316 780 1475 832 praefuit
1505 779 1571 818 Jo.
1593 779 1735 818 Franc.

281 844 536 884 Philomusus
559 842 823 891 pisaurensis,
851 843 920 894 qui
937 849 1088 881 textum
1118 853 1159 882 et
1185 844 1340 882 Horatii
1367 851 1408 884 et
1437 844 1735 883 Commentato-

278 921 366 947 rum
395 907 562 948 subinde
581 907 821 955 emendavit,
839 906 946 946 unde
977 919 1048 958 pro
1078 919 1181 946 nova
1211 909 1439 948 recensione
1467 907 1649 947 habetur.
1684 907 1736 947 V.

280 973 456 1013 Maittar.

330 1035 607 1088 —Impensis
626 1034 820 1075 Bernard
839 1035 1016 1074 Resinae.
1044 1033 1189 1074 Venet.
1218 1035 1288 1074 fol.
1325 1036 1476 1075 Forsan
1495 1047 1577 1074 non
1603 1034 1735 1075 differt

278 1112 303 1140 a
325 1101 459 1154 priori,
480 1107 550 1138 aut
566 1098 635 1138 illa
654 1111 722 1137 an.
742 1099 865 1139 1492.

334 1166 434 1204 1491
465 1174 557 1204 cum
575 1174 719 1203 comm.
751 1161 934 1209 Laudini,
962 1174 1032 1214 per
1052 1161 1245 1201 Bernard.
1266 1160 1318 1200 de
1349 1160 1513 1202 Tridino
1545 1175 1596 1202 ex
1615 1161 1735 1204 Mon·

277 1230 477 1270 tereti-ato.
504 1227 648 1267 Venet.
667 1226 736 1265 fol.
758 1226 859 1279 Rep.
875 1226 940 1265 ed.
959 1227 1077 1264 1486.

331 1294 436 1332 1492
463 1303 555 1331 cum
574 1303 718 1330 comm.
741 1291 893 1329 Anton.
924 1288 1172 1339 Mancinelli,
1190 1290 1372 1338 Acronis,
1390 1286 1585 1342 Porphyr.
1631 1290 1735 1330 Lan·

274 1357 374 1397 dini.
391 1355 476 1396 Fol.
538 1355 584 1393 In
617 1355 722 1393 fine:
752 1354 805 1392 H.
827 1354 888 1392 Fl.
907 1354 1037 1406 poetae
1057 1366 1177 1406 opera
1196 1367 1220 1392 a
1240 1353 1423 1406 Philippo
1439 1353 1592 1401 mucio,
1617 1354 1731 1393 Man-

271 1429 408 1468 tuano,
418 1420 625 1472 diligenter
638 1417 815 1456 Venetiis
834 1417 1045 1468 impressa:
1067 1430 1172 1456 anno
1189 1417 1329 1456 salutis
1350 1428 1610 1457 mccccxcu.
1627 1418 1731 1470 prid.

276 1485 367 1525 Kal.
388 1484 550 1524 Martii:
580 1481 826 1522 Bernardino
859 1481 1010 1520 Resina
1041 1480 1241 1521 literarum
1272 1481 1557 1534 doctorumque
1595 1494 1733 1521 aman-

272 1551 424 1590 tissimo
441 1547 651 1601 pecuniam
683 1544 1109 1598 impendente.-Quae
1128 1545 1264 1594 editio,
1284 1559 1355 1598 pro
1374 1558 1479 1585 nova
1497 1546 1729 1586 recensione

270 1613 471 1659 habenda,
489 1612 728 1651 observante
747 1609 896 1649 Christ.
916 1610 1018 1649 Dav.
1038 1610 1147 1656 Jani,
1166 1622 1191 1649 a
1209 1610 1373 1649 Venetis
1401 1609 1668 1662 superioribus
1687 1610 1729 1650 in

272 1677 409 1718 multis
428 1674 571 1724 differt,
587 1681 629 1714 et
647 1673 738 1713 dein
756 1674 935 1713 certatim
951 1675 1119 1726 repetita
1132 1679 1208 1713 est.

325 1764 382 1772 —
407 1741 542 1793 Opera
559 1752 595 1779 c.
615 1749 759 1778 comm.
780 1738 949 1777 Acronis
968 1744 1010 1777 et
1028 1737 1193 1777 aliorum
1211 1737 1377 1790 (Porph.
1389 1736 1516 1778 Laud.
1532 1737 1729 1787 Mancia.)

271 1820 343 1859 per
357 1805 468 1846 Petr.
487 1804 552 1844 Jo.
571 1803 621 1842 de
640 1802 880 1855 Quarengis.
902 1802 988 1841 Fol.
1019 1800 1289 1845 Mancinellus
1308 1801 1565 1842 doctissimus
1595 1801 1728 1854 philo-

269 1871 387 1923 logus
416 1867 653 1908 Scholiastis
681 1866 879 1906 veteribus
897 1872 939 1906 et
967 1866 1148 1905 Laudino
1167 1878 1281 1914 usus,
1309 1870 1321 1889 ‘
1338 1864 1464 1908 multa
1489 1865 1567 1905 hoc
1584 1865 1728 1907 melius

271 1931 480 1984 concepit‚'
505 1938 551 1969 ut
568 1929 696 1969 verbis
716 1929 810 1967 Jani
829 1936 999 1976 utamur,
1027 1934 1038 1951 ‘
1052 1936 1094 1968 et
1112 1930 1276 1968 resectis
1295 1930 1378 1968 fere
1397 1929 1551 1977 alienis,
1572 1929 1624 1969 de
1643 1930 1728 1971 suis

270 1997 412 2051 opibus
429 1993 600 2048 plurima
617 1991 818 2032 addidit.’·

322 2082 377 2091 --
403 2059 621 2099 poemata:
649 2068 741 2095 cum
759 2056 862 2094 notis
894 2056 990 2095 Ant.
1026 2055 1283 2095 Mancinelli:
1313 2054 1501 2108 impensis
1533 2054 1725 2098 Ber-nard.

266 2125 442 2166 Resinae.
463 2121 525 2162 ld.
543 2119 709 2160 Octobr.
728 2118 873 2158 Venet.
893 2119 962 2158 fol.

320 2207 378 2220 -ι
402 2201 493 2229 cum
511 2198 653 2226 comm.
671 2183 838 2223 Acronis
870 2189 912 2222 et
938 2174 1131 2235 Porphyr.
1158 2195 1229 2236 per
1255 2182 1351 2224 Ant.
1372 2183 1603 2224 Zarotthum
1624 2182 1720 2224 Par-

267 2264 461 2295 mensem.
475 2249 644 2290 Medi-ol.
663 2248 734 2288 fol.
754 2247 953 2300 Repetitio
972 2254 1035 2287 est
1048 2247 1113 2287 ed.
1138 2248 1257 2287 1486.

321 2340 376 2348 --
401 2315 589 2355 carmina
604 2319 646 2353 et
665 2312 833 2366 Epodon
853 2312 966 2352 liber.
987 2311 1142 2364 Liptzk‘.
1158 2313 1200 2351 4.

320 2382 427 2421 1493
452 2389 546 2420 cum
563 2388 707 2419 comm.
735 2376 921 2417 Landini.
938 2377 1083 2416 Venet.
1097 2375 1166 2416 fol.

318 2467 374 2476 -
398 2458 491 2486 cum
511 2456 578 2483 ιν.
608 2442 911 2490 commentariis,
949 2441 1060 2492 (Act.
1098 2439 1246 2492 Porph.
1286 2438 1413 2480 Laud.
1450 2445 1492 2479 et
1525 2439 1724 2492 Mancia.)

267 2510 412 2550 Venet.
432 2508 504 2548 fol.

323 2575 428 2612 1494
454 2584 546 2612 cum
563 2572 777 2611 comment.
796 2570 891 2610 Acr.
924 2569 1072 2623 Porpb.
1104 2569 1231 2611 Laud.
1264 2575 1305 2609 et
1335 2567 1514 2607 Mancin.
1536 2566 1724 2619 Impress-

267 2649 292 2676 a
312 2637 465 2676 Boneto
479 2635 682 2676 Locateuo
702 2645 968 2675 mccccxcrw
988 2634 1097 2677 Prid.
1116 2635 1175 2686 Id,
1196 2635 1317 2676 Mart.
1337 2631 1559 2685 Octaviano
1571 2631 1722 2672 Schoto

263 2701 452 2754 pecunias
475 2700 741 2753 impendente.
762 2700 906 2742 venet.
923 2699 995 2741 fol.
