1858 3184
445 267 650 298 Ηοκᾼτυ
686 265 1033 296 ssmsrouARuu
1070 258 1299 296 Lun1.5.

150 359 291 391 ibi-rent.
334 359 463 400 Epicuri
475 361 515 390 de
531 357 645 398 grege]
664 357 836 389 Summum

147 407 272 439 bouum
294 409 327 440 in
343 408 515 448 voluptate
529 406 644 447 posuit
657 405 835 446 Epicurus.

147 457 268 489 Eris-r.
303 467 339 490 v.
374 456 432 488 An
473 456 716 490 Tonanti-run.
751 453 836 487 Tor-

189 512 328 547 quatum
353 505 395 538 ad
421 515 550 538 coeuam
580 505 712 546 invitat,
735 515 835 546 qnam

185 553 350 596 frugalem
372 553 448 586 fore
467 555 563 586 dicit.
605 554 775 586 Hortatur
797 558 835 586 ut

186 605 276 637 curis
290 610 326 636 et
342 604 522 646 cupiditati
535 603 726 636 divitiarum
746 604 834 634 vale-

178 654 308 693 dicens,
319 653 480 686 hilaritati
491 662 528 684 se
540 652 709 692 tradat,et
717 653 833 684 laudes

185 702 361 734 ebrietatis
386 701 494 734 addit.
535 702 614 733 Tria
639 711 714 734 esse
736 702 833 741 dicit,

184 760 325 794 quornm
339 751 510 783 studiosus
536 751 581 783 sit
603 752 636 782 in
663 756 833 792 apparatu

181 801 347 841 convivii;
359 801 502 843 primurn
510 805 622 833 autem
634 802 728 843 ponit
738 812 832 833 mun-

182 851 312 883 ditiem.

183 901 280 933 Idem
303 901 424 942 opinor
448 901 502 933 hic
520 902 670 933 Manlius
682 902 831 944 Torqua-

141 957 209 993 tus,
222 960 298 983 cum
315 952 373 984 illo
388 952 444 984 cui
460 961 511 984 iv·
527 951 595 984 Od.
620 955 652 984 7.
675 952 831 984 inscribi-

139 1006 206 1033 tur·

182 1053 197 1082 1
223 1051 387 1084 Aret-aiei:
397 1052 524 1085 munim
539 1051 711 1084 recumbere
725 1052 829 1093 lectis]

139 1100 237 1133 Lecti
250 1101 393 1133 duorum
418 1111 579 1143 generum
604 1100 721 1133 fuere:
749 1111 830 1142 quo-

140 1158 213 1180 rum
242 1150 365 1190 partim
396 1150 429 1181 in
459 1149 625 1189 cubiculo,
649 1150 829 1190 partimin

138 1197 286 1230 triclinio
310 1208 410 1230 usus:
447 1199 498 1230 illi
525 1198 756 1237 cubiculares3
795 1199 830 1230 hi

139 1247 348 1281 discubitorii
357 1252 394 1279 et
405 1247 605 1279 tricliniares
618 1247 714 1279 dicti.
734 1248 829 1279 Lam·

138 1296 268 1337 pridias
295 1296 503 1337 Elagabalo:
525 1296 660 1328 ‘Solido
688 1302 829 1336 argento

136 1345 254 1378 habuit
269 1346 378 1379 lectos
393 1351 429 1377 et
449 1346 649 1377 tricliniares
675 1350 711 1377 et
735 1346 827 1377 eubi-

136 1394 292 1427 culares!
333 1395 402 1427 Hic
429 1395 534 1435 igitur
560 1395 604 1426 de
631 1394 827 1426 tricliniari-

136 1444 197 1477 ba·
209 1445 333 1486 agitur.
379 1445 426 1477 Et
439 1445 604 1477 Arckuicir
618 1445 752 1486 quidem
767 1445 826 1476 ha·

136 1494 220 1526 hent
235 1498 306 1526 tres
319 1495 439 1536 optimi
453 1495 559 1527 nostri
579 1495 734 1526 codices:
753 1495 825 1535 plu·

135 1553 191 1575 res
225 1548 337 1576 tamen
368 1544 535 1576 Archaicis
571 1545 710 1585 legunt:
748 1554 823 1586 quae

135 1593 305 1635 scriptura
325 1593 484 1625 Turnebo
508 1603 534 1626 ι.
548 1596 599 1625 ll.
614 1594 668 1625 vei
684 1596 737 1625 18.
753 1594 825 1634 pla·

135 1646 215 1674 cet:
237 1647 276 1674 ut
299 1642 341 1673 ab
369 1642 494 1674 Archia
517 1643 662 1685 quodam
679 1653 746 1675 non
764 1653 824 1685 op-

134 1694 219 1726 timo
243 1692 375 1725 artifice
399 1694 449 1726 sic
466 1693 551 1725 dicti
578 1694 658 1734 siut,
674 1694 773 1725 rudes
788 1699 824 1726 et

134 1743 292 1784 impoliti,
316 1743 596 1786 quemadmodum
614 1749 649 1774 et
675 1744 685 1760 ‘
702 1744 825 1775 Sothe-

135 1793 197 1824 rici
211 1793 220 1806 ’
242 1794 333 1834 apud
349 1794 526 1832 Senecam,
541 1798 576 1823 et
591 1793 739 1835 Gellium
755 1802 824 1824 xu-

135 1844 187 1872 ll.
217 1841 318 1872 Prior
333 1846 445 1873 tamen
462 1842 562 1872 lectio
576 1842 681 1880 magis
698 1842 826 1881 placet,

133 1895 174 1922 nt
198 1890 325 1922 Graeco
344 1890 507 1921 vocabulo
534 1890 640 1921 Poeta
667 1899 746 1921 usus
769 1891 824 1922 rit.

134 1940 247 1971 Greci
261 1939 376 1971 autem
397 1938 551 1980 ἆρχαῖὼ
574 1943 707 1978 vocant,
732 1939 825 1981 quic-

133 1988 214 2030 quid
229 1993 381 2020 veterum
396 1988 660 2029 simplicitatem,
670 1988 712 2020 ab
734 1990 825 2021 omni

130 2038 209 2070 fuco
223 2042 259 2070 et
271 2038 501 2070 assentatione
516 2038 673 2078 alienam,
694 2047 765 2078 prae
787 2048 824 2070 se

130 2087 210 2122 fert,
235 2087 306 2118 sive
329 2087 372 2119 de
397 2087 558 2122 moribus.
587 2087 660 2118 sive
685 2087 729 2119 de
755 2097 824 2119 ser-

129 2146 242 2177 mone,
254 2137 325 2168 sire
340 2139 440 2168 etiam
454 2138 497 2168 de
510 2137 670 2178 operibns
692 2142 821 2177 agatur.

129 2187 209 2218 Pet.
239 2186 393 2218 Nunnius
415 2187 515 2219 Mire.
542 2187 600 2219 lib.
626 2196 676 2219 tv.
701 2187 823 2219 Frauc.

130 2237 287 2270 Luisiuus
318 2238 495 2279 Parergon
523 2247 580 2270 ιιι.
607 2241 638 2270 1.
679 2238 821 2270 Torreat.

129 2287 295 2333 Arc-Mitis
316 2288 419 2329 lectis]
443 2288 559 2320 Lectis
575 2288 695 2329 ligneis
712 2293 748 2320 et
764 2299 822 2330 pa-

129 2347 203 2369 rum
217 2337 444 2378 elegantibus,
457 2337 594 2379 antiqno
608 2347 701 2369 more
716 2337 821 2370 fabri-

129 2387 226 2419 catis.
273 2386 375 2428 Angl.
400 2386 472 2418 beda
491 2388 528 2426 os
545 2388 598 2419 tlte
615 2389 665 2419 old
681 2388 821 2426 sasltiou.

130 2437 318 2470 Rau-abae
330 2437 434 2478 lectis]
457 2437 681 2469 Accnmbere.

173 2489 194 2517 2
216 2486 285 2518 Nee
309 2487 399 2518 tim
426 2486 507 2527 olas]
539 2487 614 2519 Nec
636 2487 819 2528 abhorres;

129 2534 191 2567 sed
213 2535 351 2575 gaudes.
394 2536 535 2576 Patella]
560 2538 605 2568 Et
620 2537 707 2577 quod
720 2539 821 2577 patel-

127 2586 158 2615 la
178 2583 276 2619 dicit,
299 2586 335 2613 et
348 2584 439 2623 quod
452 2584 585 2623 modica,
600 2590 636 2616 et
651 2586 739 2626 quod
755 2587 821 2618 olas

128 2643 227 2670 omne,
249 2633 424 2673 eleganter
448 2631 626 2664 admodum
647 2643 752 2666 coeuae
769 2640 819 2667 te·

128 2683 294 2715 nuitatem
309 2681 469 2722 exprimit
482 2692 493 2721 3
507 2687 546 2713 nt
560 2688 682 2715 contra
695 2684 820 2725 luxum,

128 2741 204 2764 cnm
221 2732 289 2763 ait:
304 2732 314 2747 ‘
326 2724 522 2762 Pori-ectum
532 2740 651 2771 magno
663 2742 818 2773 magnum

128 2786 284 2822 spectare
299 2781 412 2812 catino
436 2780 579 2821 Vellem,
600 2782 659 2822 ait,
682 2783 818 2824 harpyis

1472 257 1580 299 1781

888 355 968 397 gula
979 355 1082 396 digna
1100 355 1299 396 rapacibus?
1344 355 1467 387 Patella
1480 357 1583 397 igitur

885 405 940 437 hic
951 404 1033 436 nihil
1044 405 1215 436 occultum
1231 403 1414 444 significan
1438 406 1583 438 vocabu·

885 454 954 485 lum
969 453 1093 495 alioqui
1107 454 1141 485 in
1156 452 1332 486 sacrificiis
1347 453 1581 485 libationibus-

885 514 951 546 que
977 508 1195 544 usurpatum;
1216 503 1307 535 unde
1336 504 1347 521 ‘
1364 503 1398 535 in
1424 505 1582 545 patellam

885 552 992 589 duel
1014 554 1027 571 ⁴
1042 553 1085 584 de
1102 553 1232 594 patella
1257 553 1414 593 sumere,'
1439 557 1476 585 et
1498 555 1508 571 ‘
1521 554 1581 586 Dii

883 603 1073 646 patellarii’
1102 603 1194 644 apud
1224 603 1397 637 Plautum.
1434 603 1583 636 Turucb.

883 662 910 685 1.
927 656 977 686 18.
1002 653 1145 684 Torreat.

924 702 1104 744 zsupreuw
1118 706 1150 734 te
1163 701 1251 743 Sole]
1272 702 1368 734 Idem
1385 702 1472 735 dicit
1484 703 1577 745 qnod

883 763 925 786 11.
936 754 1009 786 Sat.
1024 757 1057 786 7.
1078 755 1087 771 ‘
1099 755 1220 786 Serum
1241 753 1305 786 sub
1328 754 1454 785 lumina
1471 755 1580 796 prima

883 804 1000 836 venire
1014 803 1198 836 Convivam
1210 803 1235 842 ;’
1258 803 1306 835 hir
1319 812 1451 845 quoque
1466 803 1579 834 verbis

883 862 1014 885 coenam
1029 853 1166 885 minime
1181 853 1352 885 solennem
1375 852 1578 893 significans.

886 903 1029 935 Tem-ent.
1072 902 1219 944 summ
1246 901 1334 941 Sole]
1356 902 1427 934 Sub
1459 911 1578 943 vespe-

883 963 965 985 ram.
1007 953 1159 995 Μαιιεῠο]
1181 953 1231 984 Te
1247 952 1452 993 expectabo.

922 1005 943 1034 4
972 1002 1053 1034 Vina
1069 1001 1152 1034 bibes
1170 1002 1286 1034 iterum
1314 1002 1417 1033 Tauro
1443 1000 1577 1043 diffusa]

882 1053 974 1088 Nou,
994 1052 1110 1084 iterum
1132 1051 1265 1093 diffusa,
1289 1051 1378 1093 qnod
1395 1051 1576 1083 Lambinus

880 1103 966 1142 vult,
981 1102 1053 1142 sed,
1066 1101 1196 1143 diffusa,
1211 1102 1313 1133 Tauro
1333 1101 1457 1136 uerum,
1481 1101 1578 1131 nimi-

881 1161 968 1191 rum,
990 1152 1121 1184 consule.
1160 1151 1238 1182 Hoc
1264 1156 1344 1182 est:
1367 1151 1456 1181 Vina
1481 1150 1576 1181 bibes

881 1211 956 1242 quae
971 1200 1095 1233 diffusa
1109 1206 1189 1232 snut
1203 1200 1355 1232 secundo
1368 1200 1471 1232 Tauri
1497 1209 1579 1231 con·

881 1252 1016 1290 sulatu}
1046 1255 1120 1290 aut,
1143 1251 1254 1282 Tauro
1278 1250 1465 1282 secundum
1495 1259 1577 1280 con·

878 1301 964 1332 sule.
974 1300 1136 1332 Heinsius.
1193 1300 1313 1331 lteram
1326 1298 1427 1330 Tam
1440 1297 1575 1339 diffissa]

876 1350 914 1381 Τ.
935 1340 1094 1382 'statilius
1114 1349 1244 1381 Taurus
1267 1349 1364 1379 homo
1389 1357 1509 1386 novus,
1523 1349 1574 1378 uti

876 1404 912 1431 et
938 1398 1107 1440 Agrippa,
1137 1399 1198 1430 sed
1231 1398 1377 1439 Augusti
1410 1398 1573 1436 amicitia,

876 1448 1033 1490 victoque
1058 1449 1091 1480 iu
1111 1448 1227 1480 Sicilia
1242 1448 1386 1488 Lepido,
1402 1447 1573 1490 rebusque

874 1507 951 1529 mox
962 1499 995 1529 in
1006 1497 1124 1530 Africa
1134 1498 1252 1540 gestis,
1265 1498 1355 1529 unde
1366 1498 1571 1539 triumphum

874 1547 1012 1587 meruit,
1036 1548 1264 1587 clarissimum
1296 1548 1419 1579 iterum
1445 1549 1573 1580 Consul

874 1595 940 1628 fuit
957 1597 998 1628 A.
1013 1597 1056 1629 U.
1073 1598 1112 1629 C.
1135 1600 1211 1628 727.
1238 1606 1303 1639 quo
1330 1603 1485 1638 tempore
1512 1607 1571 1629 an—

874 1655 953 1678 num
980 1647 1106 1687 agebat
1138 1641 1301 1678 Horatius
1326 1647 1464 1679 circiter
1490 1658 1571 1688 qua-

874 1695 1118 1736 dragesimum:
1144 1706 1208 1727 non
1221 1696 1384 1737 optimam
1395 1697 1511 1737 itaque
1525 1698 1571 1727 vi-

874 1746 1038 1776 uinctam
1054 1746 1149 1776 dicit.
1182 1746 1309 1777 Statilii
1323 1751 1436 1775 autem
1447 1745 1570 1775 famam

874 1795 970 1825 auxit
986 1794 1060 1833 ejus
1077 1794 1373 1833 amphitheatrum,
1389 1798 1424 1824 et
1446 1793 1570 1835 abnep-

877 1843 920 1873 tis
933 1843 1069 1874 statilia
1088 1842 1291 1874 Messallina
1313 1843 1461 1875 Neronis
1481 1844 1571 1884 priu-

873 1891 960 1930 cipis
975 1900 1070 1922 uxor.
1114 1890 1247 1931 Diffusa
1260 1895 1374 1922 antem
1389 1891 1462 1922 uina
1473 1892 1571 1933 dicit,

874 1939 1156 1980 quemadmodum
1174 1945 1209 1970 et
1223 1939 1349 1972 Juvem
1359 1940 1431 1972 Sat.
1446 1950 1480 1972 v.
1492 1947 1501 1960 ¹
1512 1942 1570 1984 Ip-

873 1998 910 2020 se
925 1989 1086 2029 capillato
1102 1987 1259 2020 diffusum
1276 1989 1423 2021 Consule
1447 1994 1571 2031 potat.’

874 2040 919 2071 Et
933 2040 1006 2071 Sat.
1021 2048 1072 2071 xi.
1088 2045 1107 2085 j
1121 2039 1189 2071 Hic
1205 2039 1267 2071 tibi
1283 2040 1361 2071 vina
1385 2041 1480 2073 dabit
1503 2042 1567 2073 dif-

872 2088 996 2120 fnsain
1012 2089 1183 2120 montibus
1205 2089 1273 2120 illis
1286 2088 1308 2121 :'
1327 2089 1390 2120 hoc
1414 2095 1478 2129 est,
1502 2101 1568 2122 uon

872 2138 922 2170 ita
936 2139 1042 2170 multo
1058 2142 1136 2179 post
1154 2138 1356 2170 vindemiam
1382 2150 1400 2170 e
1423 2140 1514 2172 dolio
1534 2141 1567 2172 in

871 2188 974 2220 cados
996 2188 1254 2229 ampliatasque,
1269 2188 1312 2219 ad
1328 2190 1567 2221 asservandum

871 2239 904 2270 in
921 2239 1107 2280 apothecis,
1122 2238 1318 2270 distributa.
1340 2240 1488 2272 Turneb.
1499 2250 1525 2273 1.
1538 2245 1568 2273 1.

873 2289 1015 2320 Torreat.
1059 2288 1194 2330 Diffusa
1204 2288 1376 2329 palustres]
1399 2289 1503 2321 Bibes
1519 2291 1566 2321 vi-

870 2349 912 2370 na
924 2349 944 2371 e
959 2339 1122 2371 torculari
1143 2339 1178 2370 in
1194 2339 1295 2370 cados
1318 2338 1408 2375 fusa,
1431 2340 1565 2371 Statilio

870 2389 986 2420 Tauro
1015 2389 1138 2421 iterum
1166 2389 1326 2420 Consule.
1382 2389 1461 2419 Vini
1483 2394 1567 2420 aetas

869 2439 1051 2470 notabatur
1067 2438 1250 2469 Consulum
1263 2437 1461 2468 nominibus.
1473 2438 1565 2469 Vide

870 2497 912 2519 11.
924 2487 991 2520 od.
1007 2490 1039 2519 3.
1069 2488 1237 2518 Pulustres
1259 2487 1349 2516 Inter
1365 2486 1562 2529 Missam]

869 2538 995 2570 Juven.
1020 2537 1094 2569 Sat.
1123 2545 1159 2568 x.
1181 2534 1349 2566 ‘Exilium
1377 2539 1412 2565 et
1435 2544 1564 2572 carcer,

868 2587 1191 2624 Minturnarumque
1207 2583 1372 2623 paludes!
1399 2585 1563 2626 Loquitur

871 2641 985 2667 autern
1003 2636 1044 2665 de
1061 2635 1101 2666 C.
1119 2633 1244 2671 Mario,
1261 2634 1316 2674 qui
1333 2634 1367 2665 in
1383 2636 1561 2676 paludibus

869 2686 935 2716 illis
954 2685 1063 2722 latuit,
1074 2684 1357 2715 Minturnensium
1373 2685 1499 2717 auxilio
1513 2688 1560 2718 in-

870 2733 1031 2765 columis:
1048 2733 1090 2764 de
1106 2733 1271 2765 Senuessa
1285 2744 1418 2776 quoque
1434 2737 1560 2778 antiqui

871 2783 958 2815 Latii
975 2782 1114 2824 oppido,
1128 2782 1204 2814 olim
1227 2783 1353 2824 Sinope
1377 2786 1559 2825 appellato,
