1858 3184
216 194 327 237 1920

213 308 273 331 vos
287 298 392 331 etiam
419 298 599 331 absumunt
618 299 778 330 homiues.
829 299 909 329 Unc-

210 348 291 389 tum]
316 348 484 390 Quicquid
511 349 603 380 laute
627 353 664 379 et
686 348 828 389 opipare
858 348 907 379 in-

209 402 391 439 structum,
416 398 451 430 id
473 401 599 430 unctum
626 407 794 430 vocamuS.
816 398 907 429 Nan·

208 458 292 481 usus.

254 502 317 532 423
342 500 385 530 Et
397 499 544 540 spondere
557 497 633 538 levi]
660 498 706 529 Et
730 507 765 528 se
786 497 906 529 vadem

210 551 419 583 constituere
430 559 492 591 pro
504 558 653 590 paupere
665 548 744 584 levi,
757 549 814 589 qui
826 558 905 589 qua-

210 602 260 632 vis
276 601 464 641 impellitur
477 599 691 631 emolumenti
706 608 778 639 spe.
827 599 907 629 Levi

210 659 267 690 pro
276 649 425 691 paupere]
447 649 522 681 Hoc
538 653 603 689 est,
619 648 735 684 infido,
751 648 805 679 cui
821 647 905 679 fides

211 709 282 731 non
309 700 488 732 habeatur.
531 699 664 730 Graecis
693 698 907 738 ἀναξιόπιστος

211 748 338 780 dicitur
360 753 557 790 paupertas,
577 753 615 779 ut
638 758 712 790 quae
736 753 906 788 suspecta.

212 799 367 831 Nunnius.
409 799 518 841 Atris]
539 799 720 830 Tristibus.

253 851 319 880 424
342 848 571 888 Inter-noscere]
591 848 820 889 Distinguere.

252 902 315 932 426
347 899 483 940 Beatus]
512 899 634 930 Beatus
659 899 712 929 hic
743 897 906 929 Horatius

211 958 278 981 non
291 959 353 991 pro
369 948 474 980 divite
495 953 531 979 et
553 948 728 989 opulento,
750 951 788 978 ut
813 947 906 988 alias,

212 998 273 1030 sed
293 1008 371 1031 cum
396 1008 462 1039 quo
488 997 574 1029 bene
598 996 722 1036 agitur,
749 996 837 1036 quod
864 996 906 1027 ob

210 1053 383 1090 stuporem
400 1057 477 1079 suas
491 1047 718 1078 adversitates
734 1055 800 1077 non
811 1046 908 1076 intel-

210 1099 308 1139 ligat.
351 1098 408 1128 Ita
433 1098 466 1128 in
488 1096 719 1128 Miscellaneis
734 1095 908 1126 docuimus

210 1147 270 1179 lib.
290 1156 346 1179 ιιι.
370 1146 528 1178 Nunnius.
572 1146 639 1176 Vel
656 1150 816 1185 tanquam
829 1144 908 1176 bea-

212 1202 286 1229 tus:
312 1197 401 1238 quod
423 1196 450 1227 si
473 1195 590 1234 sciret,
611 1197 703 1225 esset
727 1194 858 1232 beatus,
874 1193 909 1225 iu

211 1247 275 1278 hac
287 1247 407 1277 saltem
421 1249 530 1286 parte.
551 1245 671 1276 Beatus
682 1244 827 1283 amicum,
838 1243 907 1284 &sc-J

211 1296 354 1334 Beatus,
367 1301 404 1326 ut
419 1296 491 1335 ipse
506 1304 542 1326 se
560 1298 680 1326 censet
695 1303 779 1326 esse.

253 1348 319 1377 426
342 1346 390 1377 Τιι
403 1355 456 1377 seu
470 1344 610 1384 donaris]
634 1345 745 1375 Docet
769 1343 907 1375 Horati-

212 1405 265 1437 us,
279 1395 447 1437 quomodo
463 1395 658 1426 adulatores
675 1397 814 1434 possunt
829 1403 908 1434 cog-

211 1447 318 1478 nosci.
365 1446 441 1486 Cai]
466 1445 591 1477 Alicui.

254 1501 318 1531 427
345 1498 416 1530 Tibi
430 1497 549 1538 factos]
572 1496 626 1528 Ad
653 1505 769 1527 versus
791 1495 850 1526 abs
873 1499 909 1527 te

214 1549 370 1590 scriptos.
414 1548 538 1579 Ducere
550 1547 689 1588 plenum]
703 1546 828 1577 Tecum
851 1545 910 1576 ad-

211 1599 339 1630 ducere
367 1599 578 1630 adulatorem
606 1596 725 1628 laetitia
749 1595 910 1628 affectum

214 1649 259 1680 ob
275 1658 371 1690 spem
385 1648 555 1680 utilitatis.

254 1702 318 1731 428
342 1699 489 1734 Pulchre,
504 1699 591 1739 bene,
605 1701 700 1732 recte,
711 1696 780 1737 εμπ]
794 1696 912 1728 Verba

214 1755 296 1782 sunt
309 1749 545 1789 assentatoris,
569 1746 728 1789 poemata
749 1751 810 1778 tua
830 1745 911 1778 ficte

213 1800 448 1841 approbantis.

256 1852 320 1881 429
343 1849 514 1889 Pallescet]
531 1848 572 1879 Iu
590 1846 847 1879 admirationem
872 1855 911 1877 ac

214 1904 386 1940 stuporem
402 1899 569 1938 rapietur.
597 1897 752 1927 Nunnius.
797 1896 910 1935 Super-

212 1949 278 1989 bis]
308 1948 362 1978 Ad
392 1947 466 1978 haec
494 1947 674 1987 pallescet,
699 1945 796 1986 quasi
821 1954 910 1975 novo

217 2007 341 2039 genere
358 1996 522 2038 poe'matis
537 1993 808 2035 obstupefactus.
837 1994 911 2024 Eti-

214 2058 268 2079 am
293 2047 424 2078 stillabit
452 2046 572 2084 amicis,
597 2044 665 2085 ξω]
690 2045 767 2075 Νοιι
795 2044 910 2074 statim

215 2096 377 2130 clamabit
390 2095 400 2112 ‘
414 2093 534 2135 Euge&
551 2093 611 2125 sed
628 2093 720 2133 prius
732 2092 912 2123 contrahet

215 2148 393 2189 pallorem,
415 2146 510 2187 quasi
535 2148 635 2175 extra
650 2151 783 2174 sensum
800 2142 911 2182 rapia-

216 2203 286 2237 tur,
303 2203 340 2229 et
354 2196 450 2238 quasi
478 2194 678 2226 miraculum
703 2192 831 2231 audiat,
853 2191 911 2223 de-

216 2247 297 2279 inde
311 2245 564 2287 lacrymabitur.
607 2242 777 2275 Gaudium
793 2242 911 2282 ingens

218 2300 255 2328 et
281 2296 377 2327 dolor
401 2295 518 2335 ingens
546 2303 592 2325 ex
615 2292 758 2324 diversis
786 2291 912 2323 caussis

217 2345 373 2377 eumdem
388 2345 516 2376 habeut
530 2341 703 2382 effectum,
713 2346 751 2373 ut
762 2341 913 2373 ostendit

216 2394 415 2428 Alexander
431 2391 700 2434 Aphrodisiensis
722 2391 755 2422 in
777 2390 912 2422 Proble-

217 2446 330 2478 matis.
353 2445 510 2476 Nunnius.
564 2442 705 2475 Stillabit
728 2441 837 2473 amieis
857 2442 913 2472 Ex

218 2497 326 2536 oculis,
349 2495 420 2538 ἔξω]
446 2493 607 2528 Effundet
620 2493 805 2534 lachrymas
818 2491 910 2532 (quae

670 205 812 237 NOTAE
845 204 1109 238 VARIORUM
1143 205 1195 237 IN

958 298 1045 339 fica»,
1064 308 1138 340 quae
1161 298 1195 329 in
1208 296 1385 330 funeribus
1403 296 1647 390 conhozffi,

958 357 1092 388 crymas
1109 347 1276 383 excitant,
1296 347 1511 388 queritantur

959 402 1029 429 tum
1058 397 1175 436 edunt,
1197 400 1314 437 pectus
1341 396 1500 436 tundunt,
1525 397 1653 431 vellant

958 447 1068 478 crines
1089 447 1131 478 ob
1157 447 1324 477 hominem
1349 445 1564 487 defunctum,
1584 455 1652 479 non

957 496 1067 527 minus
1082 505 1182 537 quam
1191 496 1292 527 liberi
1307 496 1506 537 parentibus
1519 501 1579 528 aut
1594 505 1654 537 pa·

957 551 1072 577 rentes
1098 546 1214 578 liberis
1240 546 1350 578 orbati
1373 546 1507 586 solent;
1533 546 1580 577 ita
1603 555 1654 577 as·
1705 555 1710 560 ·

957 601 1110 627 sentator
1124 600 1160 627 et
1175 596 1398 637 gesticulator
1413 596 1527 637 plures
1541 602 1654 630 oslen-

957 645 1008 677 dit
1018 644 1159 676 affectus
1166 655 1264 687 quam
1277 655 1376 678 verus
1388 646 1556 679 laudator.
1566 647 1655 679 Nan-

955 696 1035 727 nius.

999 748 1063 777 432
1085 746 1139 777 Ex
1159 745 1278 786 animo]
1293 770 1301 773 -
1314 747 1375 785 Τῆς
1402 746 1538 788 καρδίας,
1560 756 1653 788 vere,

958 796 1030 827 sine
1046 795 1136 828 fuco.

1000 849 1063 878 433
1088 847 1224 878 Derisor
1244 856 1317 879 vero
1333 846 1418 888 plus]
1437 846 1654 880 Asseutator.

958 897 1116 934 Moretur,
1130 897 1201 938 ἄγα]
1224 897 1386 929 Movetur
1403 896 1496 938 ficte,
1519 906 1587 929 non
1608 906 1653 929 ex

958 947 1080 979 animo.

999 999 1064 1028 434
1089 995 1235 1042 Culullis]
1258 996 1299 1028 Id
1328 1000 1394 1036 est,
1419 997 1571 1038 poculis;
1604 997 1655 1029 di-

958 1045 1158 1077 minutivum
1181 1046 1332 1077 aculeis.
1377 1046 1469 1078 Hinc
1497 1051 1508 1065 ‘
1523 1046 1655 1079 cululli'

959 1095 1098 1135 proprie
1108 1095 1233 1126 calices
1247 1093 1387 1134 fictiles,
1401 1095 1522 1136 quibus
1535 1095 1655 1128 Ponti-

959 1143 1041 1175 fices
1063 1148 1101 1175 et
1127 1143 1275 1184 virgines
1303 1144 1462 1176 Vestales
1490 1145 1526 1176 iu
1551 1145 1656 1177 sacris

959 1194 1146 1226 utebantur
1158 1205 1167 1226 :
1180 1198 1300 1234 postea
1310 1194 1502 1235 promiscue
1515 1204 1577 1235 pro
1584 1204 1656 1227 om-

960 1244 995 1275 ni
1011 1253 1138 1284 genere
1152 1244 1348 1284 poculorum
1365 1245 1532 1286 usurpati.
1583 1244 1655 1276 Ho-

961 1294 1068 1326 ratius
1094 1303 1120 1325 1.
1148 1294 1217 1326 Od.
1242 1296 1295 1326 31.
1319 1298 1329 1312 ‘
1345 1294 1452 1328 Dives
1482 1301 1519 1326 et
1545 1295 1656 1326 aureis

959 1344 1136 1375 Mercator
1150 1343 1305 1374 exsiccet
1319 1343 1478 1383 culullis‚'
1487 1345 1553 1375 ὅτε.
1564 1344 1655 1376 Nau-

961 1394 1042 1425 nz'us.
1092 1393 1230 1433 Urgere]
1253 1394 1392 1425 Poculis
1407 1395 1600 1435 explorare.

1002 1445 1065 1474 436
1092 1443 1246 1483 Tarquen-e
1260 1443 1359 1484 mero]
1381 1443 1506 1476 Vinum
1525 1444 1656 1486 ingeni-

959 1502 1054 1525 orum
1071 1493 1147 1524 lene
1167 1499 1222 1524 est
1238 1498 1455 1528 tormentum.
1498 1495 1654 1535 Per-spex-

958 1541 1034 1582 isse]
1066 1543 1121 1575 Ad
1145 1544 1282 1584 plenum
1309 1554 1528 1586 cognoscere.
1563 1545 1654 1576 Nan-

959 1603 1041 1626 nms.

1002 1646 1066 1675 437
1090 1644 1267 1685 Numquam
1281 1644 1456 1686 tesallanl]
1488 1645 1526 1678 Si
1541 1644 1656 1677 condi·

959 1745 1186 1786 adhibiturus,
1215 1746 1373 1787 perspice
1398 1755 1442 1778 an
1477 1755 1656 1784 censuram

960 1796 1140 1837 ingenuam
1149 1805 1188 1827 ac
1197 1795 1373 1828 candidam
1381 1795 1554 1828 adhibeat.
1565 1795 1656 1828 Nam

960 1845 1113 1878 laudabit
1127 1844 1216 1877 forte
1229 1845 1353 1886 omnia,
1368 1850 1406 1877 ut
1418 1845 1657 1878 beneficiolum

961 1898 1097 1939 aliquod
1121 1898 1314 1937 exsculpat,
1337 1902 1376 1929 ut
1396 1897 1578 1938 vulpecula
1599 1897 1656 1929 llla

959 1947 1129 1987 AEsopica.
1152 1947 1310 1978 Nunnius.
1352 1946 1463 1977 Animi
1481 1947 1537 1978 sub
1550 1947 1656 1988 vulpe]

959 1995 1074 2028 Animi
1089 1995 1208 2030 dolosi,
1223 1993 1321 2035 vafri,
1336 1995 1501 2026 insidiosi.

1001 2048 1066 2077 438
1089 2044 1247 2080 Quintilio
1257 2043 1368 2085 siquid
1377 2044 1541 2086 recitares]
1550 2044 1656 2078 Quin-

959 2095 1032 2126 tilio
1051 2094 1142 2125 Varo
1166 2094 1286 2125 Poetae
1312 2094 1542 2126 Cremonensi.
1586 2095 1657 2127 Hic

960 2144 1026 2175 fuit
1041 2143 1226 2175 alienorum
1241 2143 1445 2184 scriptorum
1456 2144 1609 2176 sincerus
1620 2149 1657 2176 et

960 2195 1178 2233 incorruptus
1188 2191 1319 2233 judexe
1352 2192 1396 2225 de
1410 2193 1475 2226 hoc
1489 2188 1655 2228 Quintilio

960 2243 1038 2275 vide
1053 2253 1078 2276 ι.
1094 2242 1162 2274 Od.
1178 2246 1230 2275 18.
1248 2247 1285 2275 et
1300 2247 1353 2276 19.

1002 2298 1067 2328 439
1092 2295 1210 2326 Melias
1223 2298 1255 2326 te
1266 2305 1355 2337 posse
1372 2295 1519 2338 negares]
1545 2297 1582 2329 Si
1597 2307 1654 2330 ne-

961 2355 1059 2386 gares
1089 2349 1125 2377 te
1150 2345 1270 2377 melius
1292 2337 1448 2387 posse‘id
1480 2351 1656 2388 proestare,

961 2400 1140 2437 postquam
1162 2395 1213 2427 bis
1236 2396 1291 2427 vel
1314 2399 1378 2436 ter,
1397 2395 1432 2428 id
1448 2401 1513 2434 est,
1529 2397 1655 2439 sapius

961 2450 1142 2477 tentasses.

1001 2499 1065 2528 440
1087 2496 1199 2528 Delere
1209 2495 1351 2537 jubebat,
1369 2496 1439 2538 ξω]
1470 2496 1655 2530 Quintilius

218 2551 298 2577 sunt
315 2556 365 2577 ros
381 2543 571 2586 oculorum)
588 2543 746 2575 simulans
771 2551 808 2573 se
832 2551 913 2582 gau·
956 2545 1102 2587 jubebat
1114 2545 1223 2577 adhuc
1234 2546 1421 2587 corrigere,
1436 2547 1490 2578 vel
1499 2551 1595 2579 certe
1607 2547 1657 2580 di.

219 2595 328 2675 defigo
354 2645 474 2676 Tundet
485 2646 562 2685 pede
577 2643 707 2714 terram]
729 2643 808 2675 Prae
832 2652 912 2684 gau-

219 2695 277 2727 dio
292 2695 438 2727 saltabit.

262 2746 325 2776 ⁴31
346 2744 389 2775 Ut
401 2746 452 2785 qui
466 2745 606 2777 conducti
619 2744 757 2785 plorant]
769 2746 818 2778 Ut
829 2754 913 2787 prae·

961 2595 1129 2635 scindere,
1144 2605 1186 2626 ne
1202 2596 1353 2627 carmina
1365 2596 1570 2636 legerentur.

1003 2647 1065 2677 441
1088 2645 1128 2676 Et
1144 2646 1222 2677 male
1234 2649 1372 2677 tornatos
1385 2646 1506 2687 incudi]
1525 2647 1569 2678 Et
1583 2655 1657 2679 ver·

961 2703 1016 2727 sus
1032 2704 1099 2727 non
1114 2695 1195 2726 satis
1219 2695 1394 2738 rotundos,
1418 2696 1454 2728 id
1478 2700 1543 2737 est,
1567 2697 1654 2728 male

962 2745 1149 2787 perpolitos
1162 2744 1353 2778 emendare.
1388 2746 1476 2779 Duae
1488 2749 1566 2779 suut
1579 2745 1654 2776 Me·
