1858 3184
252 225 363 268 1838

250 330 340 362 enim
351 338 430 361 sane
439 329 480 361 ad
491 329 679 366 Bacchum,
690 338 799 371 neque
812 329 854 360 ad
864 329 945 360 Cra-

249 380 369 415 tinum,
385 380 492 411 multo
513 379 636 419 minus,
659 379 703 410 ad
725 379 884 419 Ennium,
908 384 946 410 ut

248 429 406 469 diximus,
423 427 544 475 referri
558 429 624 460 hoc
643 433 770 469 potest.
816 429 947 469 Legen-

250 479 330 511 dnm
344 488 441 519 ergo,
455 479 568 510 edi-xli.
596 478 646 510 Ut
658 478 702 510 ad
718 478 946 510 Maecenatem

250 527 446 560 referantur
471 528 543 558 haee
572 527 712 558 omnia:
749 527 760 545 ‘
777 527 945 559 Laudibus

250 579 403 618 arguitur
423 578 490 608 vini
504 577 638 608 vinosus
656 577 836 609 Homerus.
879 578 946 608 En·-

251 630 326 660 nius
352 629 427 668 ipse
442 631 541 667 pater
556 636 740 668 nunquam,
754 628 818 658 nisi
832 632 946 668 potus,

251 678 294 708 ad
309 687 399 708 arma
415 677 581 709 Prosiluit
596 676 763 713 dicanda?
778 679 843 708 &c.
885 677 947 708 So-

251 728 345 760 lebat
377 729 549 760 Maecenas
582 737 731 759 summus
760 728 946 760 Poetarum

250 776 376 817 fautor,
391 777 466 809 istis
481 777 548 808 suis
563 777 755 817 clientibus,
777 787 853 809 cnm
878 787 947 808 mo·

250 830 351 859 neret
367 827 400 859 in
413 835 542 867 mensa,
558 832 595 858 ut
610 832 748 859 strenue
765 837 835 858 rem
852 836 948 867 gere-

251 881 341 917 rent,
371 875 524 913 Homeri,
554 877 655 918 primi
681 877 771 918 apud
794 877 948 916 Graecos,

251 927 352 959 Ennii
378 927 469 968 apud
492 927 674 967 Romanos,
697 928 856 967 exempla
871 936 948 967 pro·

250 986 401 1017 ponet-03
417 986 501 1018 quos
512 977 748 1019 cupidissimos
765 977 831 1007 vini
843 975 947 1008 fuisse

250 1031 408 1059 constat:
433 1033 469 1058 et
492 1027 598 1059 edicti
621 1028 741 1067 instar,
766 1027 893 1068 lepide,
907 1031 948 1058 ut

249 1076 285 1107 in
299 1084 414 1107 mensa
435 1085 476 1106 ac
493 1076 583 1114 vino,
595 1076 835 1115 pronunciare,
849 1075 870 1108 J
875 1075 947 1106 udi-

249 1125 305 1156 cia
319 1129 355 1156 et
370 1123 481 1155 forum
493 1124 613 1155 sobriis
626 1128 664 1156 et
679 1124 780 1156 siccis
797 1124 948 1162 evenire,

250 1173 394 1204 Potitum
411 1173 483 1203 sinc
499 1172 577 1203 vino
587 1182 660 1204 esse
677 1173 858 1205 neminem.
896 1172 949 1203 Ex

250 1232 291 1254 eo
313 1227 478 1263 tempore,
502 1222 612 1263 inquit
634 1221 756 1262 Poeta,
778 1230 949 1262 nunquam

250 1272 354 1303 sobrii
380 1271 520 1303 fuerunt
547 1271 679 1303 Poetae.
724 1272 804 1303 Non
834 1277 949 1303 tamen

249 1329 338 1360 nego
351 1321 430 1361 quin
443 1321 570 1361 optime
581 1320 715 1352 admitti
729 1322 847 1361 possit,
860 1321 948 1361 quod

248 1370 284 1400 in
308 1370 395 1401 Mss.
421 1370 523 1401 codd.
559 1370 730 1410 reperisse
759 1379 796 1401 se
821 1370 949 1401 eruditi

250 1424 422 1451 testantur
454 1419 554 1451 edixi.
624 1420 673 1451 Ut
712 1418 858 1451 Horatio
884 1420 948 1450 hoc

250 1469 437 1500 tribuatur:
456 1468 526 1509 qui,
552 1478 628 1500 cum
644 1469 687 1500 de
702 1468 788 1509 aliis,
802 1473 872 1500 tum
888 1469 949 1500 im-

249 1517 368 1558 primis
389 1518 495 1549 simiis
517 1518 587 1549 suis
602 1522 640 1550 et
654 1518 779 1559 ineptis
801 1518 950 1550 imitato·

248 1567 343 1601 ribus
372 1568 467 1608 agit3
500 1571 536 1598 et
563 1567 745 1609 sequitur:
768 1568 779 1586 ‘
795 1567 896 1600 Quod
920 1569 949 1599 si

249 1617 421 1648 Pauorem
438 1625 535 1652 casn.
547 1616 703 1648 biberent
718 1626 872 1658 exangue
891 1627 949 1649 cu-

248 1664 400 1705 minum3'
423 1670 462 1697 ut
486 1669 580 1697 recte
593 1666 792 1697 Torrentius
807 1667 949 1698 notavit.

250 1715 416 1748 Heinsim.
462 1715 533 1746 Hoc
546 1715 655 1756 simul]
678 1715 865 1756 Postquam
881 1710 950 1748 En·v

248 1765 324 1796 nius
339 1764 404 1796 hoe
420 1764 511 1795 clare
527 1763 673 1796 dixerat.

293 1817 333 1845 11
357 1814 520 1844 Nocturna
532 1817 654 1845 certare
668 1815 767 1855 mero]
781 1814 950 1846 Certatim

249 1866 370 1902 potare
386 1866 492 1892 totam
505 1866 653 1893 noctem.
697 1864 814 1894 Patere
822 1863 949 1903 diurno]

250 1911 388 1946 Foeterc
404 1910 481 1940 vino
494 1910 628 1941 diurno.

293 1961 334 1992 12
355 1958 394 1990 Si
420 1958 490 1998 qui-s
517 1959 620 2000 vaus]
641 1959 676 1990 Si
705 1959 779 2000 quis
804 1963 949 1999 vestem,

249 2008 448 2048 vultumque
465 2007 603 2038 Catonis
620 2007 783 2043 imitetur,
798 2007 948 2048 nunquid

248 2059 306 2090 ille
322 2059 438 2090 statim
455 2052 638 2090 ‘virtutibus
653 2059 719 2089 erit
732 2058 844 2090 Cato?
863 2059 949 2090 Pede

248 2109 346 2149 nudo]
378 2108 465 2140 Cato
494 2107 528 2138 in
555 2107 729 2148 publicum
755 2116 846 2148 saepe
876 2107 948 2138 sine

250 2157 374 2188 calceis
388 2156 557 2196 prodibat.

293 2208 333 2238 13
356 2206 556 2247 Exigit-equ
580 2209 662 2245 eogoe
685 2205 810 2236 simulet
825 2208 949 2238 textore

251 2254 417 2295 Catonem]
439 2256 497 2286 Do
521 2255 651 2286 Catone
674 2254 828 2286 Uticensi
843 2255 948 2296 loqui·

251 2309 328 2336 tur:
359 2305 419 2346 qni
447 2313 516 2335 non
542 2304 649 2335 solum
677 2305 768 2335 nudo
795 2305 882 2345 pede
913 2305 948 2336 in

252 2353 427 2394 publicum
448 2352 588 2394 prodiit,
610 2353 670 2384 sed
692 2353 793 2384 ctiam
812 2353 948 2394 provin-

251 2403 322 2434 cias
349 2402 518 2435 transivit.
561 2401 661 2436 Quod
685 2411 765 2433 vero
780 2402 864 2434 dicit
879 2406 948 2435 tex-

252 2455 330 2491 tore,
341 2451 377 2483 id
385 2460 517 2493 quoque
527 2460 649 2483 novum
656 2451 802 2493 quidem,
814 2452 871 2483 sed
881 2462 947 2484 non

252 2500 428 2540 inelegans
435 2506 488 2532 est
497 2511 507 2540 ;
519 2500 556 2532 'ut
563 2500 629 2541 Ep.
638 2508 664 2532 ι.
674 2501 685 2519 ‘
694 2501 732 2532 Si
740 2506 891 2533 curtatus
899 2502 950 2533 in-

255 2551 376 2589 aequali
391 2555 528 2582 tonsore
543 2550 685 2591 capillos
698 2550 871 2583 Occurri.’
886 2560 948 2592 pro

256 2601 395 2629 tonsura
419 2604 455 2630 et
480 2605 632 2636 textura,
646 2609 709 2641 per
722 2600 949 2641 hypallagen3

254 2655 332 2678 nam
355 2651 470 2680 κει-ονε
495 2655 554 2681 aut
586 2653 725 2691 tesqaors
751 2659 812 2691 pro
839 2651 951 2692 squal-

254 2696 326 2727 lore
340 2697 420 2728 mihi
432 2699 522 2730 nullo
538 2699 638 2731 modo
650 2701 785 2741 placet:
801 2700 950 2733 modicus

255 2745 345 2777 enim
369 2745 435 2778 fuit
459 2748 515 2779 ille
533 2748 631 2788 cato,
645 2754 681 2781 at
695 2749 832 2782 minime
846 2750 952 2782 sordi·

706 237 849 268 NOTAE
885 236 1146 268 VARIORUM
1180 238 1231 269 IN

995 330 1069 361 dus.
1093 329 1243 361 Turneb.
1258 337 1351 361 xvu.
1366 330 1419 360 22.
1442 328 1582 363 Tmffl.
1610 331 1692 364 Exi-

993 387 1122 419 guoeque
1146 383 1228 419 togae
1248 379 1374 410 simulet
1388 382 1509 411 textore
1524 376 1690 422 Q]

996 427 1174 459 ‘Textoris
1186 427 1196 442 '
1217 438 1282 461 vox
1296 427 1475 460 referenda
1490 429 1557 460 erit
1569 437 1636 460 non
1648 430 1694 462 atl

996 481 1111 518 togam
1127 478 1298 519 exiguam,
1313 477 1372 509 sed
1389 478 1431 509 ad
1446 479 1628 514 materiam
1641 480 1696 512 nt-

995 526 1073 557 dem
1087 527 1231 564 scilicet,
1249 536 1467 569 crassamque
1492 533 1528 559 et
1543 528 1602 559 vili
1618 533 1693 561 tex-

997 581 1086 615 tura,
1101 576 1225 618 filoque
1241 577 1340 609 Cilici
1355 576 1562 610 confectam.
1603 577 1694 610 Nam
1736 570 1742 575 ”

998 626 1153 657 Lucanus
1184 627 1226 658 do
1254 627 1407 667 ejusdem
1437 627 1576 660 Catonis
1610 631 1692 669 toga

996 675 1138 716 loquens
1155 676 1202 707 ait
1216 687 1224 708 ε
1240 677 1250 694 ‘
1265 677 1480 718 pretiosaque
1496 677 1599 708 vestis
1610 676 1694 709 ffli-

997 728 1066 756 tam
1078 726 1230 756 membra
1241 735 1343 766 super
1352 726 1495 757 Romani
1508 735 1598 757 more
1611 725 1695 759 Qui-

998 774 1071 805 ritis
1087 774 1268 806 Induxisse
1283 775 1422 816 togam!
1449 775 1519 807 Hic
1535 771 1693 808 ‘Quiris'

998 833 1060 864 pro
1083 824 1236 865 quolibet
1260 834 1303 855 ex
1331 824 1468 865 populo,
1488 823 1523 855 id
1539 829 1604 863 est,
1619 824 1690 866 plc-

998 873 1075 904 heia
1091 874 1288 915 vulgarique
1298 879 1377 915 toga
1391 878 1564 915 contecto,
1573 882 1694 915 angus·

997 928 1046 963 ta,
1070 923 1213 965 rudique
1229 927 1365 955 textura
1385 923 1556 955 confecta.
1578 923 1696 955 Ferra-

996 972 1075 1005 rius.
1114 973 1246 1005 restore
1263 974 1428 1015 Catonem]
1451 974 1536 1006 Cum
1559 977 1693 1005 textore

995 1024 1131 1063 exiguae
1147 1028 1246 1064 togoe.

1040 1074 1080 1103 15
1105 1072 1207 1113 Rupit
1226 1073 1394 1114 Iarbitam]
1418 1073 1509 1105 Mira
1523 1073 1622 1114 hujus
1635 1082 1697 1106 no-

997 1121 1097 1152 minis
1123 1121 1295 1154 varietas:
1318 1131 1396 1153 nam
1426 1125 1466 1152 et
1486 1121 1696 1163 H'mbytm,

998 1174 1035 1201 et
1059 1169 1313 1211 Barbyttmmstt
1335 1170 1499 1209 Tan-bum
1518 1171 1612 1211 legi:
1637 1171 1697 1202 ad-

997 1219 1163 1259 scriptum
1189 1220 1459 1262 autem‘margini
1476 1220 1698 1254 vetustissimi

999 1268 1076 1300 cod.
1102 1270 1113 1287 ‘
1131 1269 1273 1301 Barbita
1298 1270 1439 1301 Maurus
1450 1279 1527 1302 cum
1541 1270 1695 1310 ‘rimago-

999 1327 1075 1349 nem
1105 1319 1344 1360 Philosophum
1370 1320 1462 1352 inter
1486 1321 1624 1361 pocula,
1636 1320 1697 1353 de·

998 1368 1198 1400 clamantem
1215 1370 1320 1400 vellet
1341 1369 1468 1401 imitari
1491 1379 1554 1401 nec
1570 1375 1700 1411 posset,

997 1416 1124 1448 invidia
1139 1423 1261 1458 ruptus
1277 1423 1331 1450 est
1343 1418 1366 1448 τ’
1387 1419 1474 1450 malo
1490 1423 1604 1450 tamen
1625 1420 1697 1451 Iar-

996 1465 1093 1497 bitam
1104 1466 1232 1507 legere.
1271 1468 1325 1499 De
1339 1467 1514 1506 Timagine
1526 1475 1696 1507 vero,non

997 1514 1216 1555 Philosopho.
1239 1516 1297 1547 sed
1322 1515 1473 1548 Rhetore
1493 1515 1696 1548 Alexandri-

995 1574 1051 1603 no,
1070 1565 1166 1605 plura
1181 1565 1326 1605 Suidas;
1343 1576 1442 1607 quem
1460 1565 1550 1598 vide.
1573 1565 1697 1598 Potuit

996 1618 1125 1654 autem,
1142 1614 1198 1655 qui
1217 1614 1345 1646 Rhetor
1359 1615 1414 1646 vel
1436 1615 1598 1655 sophista
1618 1614 1696 1654 fult,

997 1665 1100 1696 etiam
1113 1664 1287 1696 historiam
1299 1665 1461 1697 scribere.
1498 1664 1599 1698 Quod
1613 1673 1694 1696 vero

996 1723 1084 1746 σωκ
1104 1723 1167 1755 pro
1192 1714 1302 1754 liugan
1316 1714 1352 1746 in
1366 1714 1565 1756 quibusdam
1579 1723 1696 1746 exem·

999 1763 1152 1804 pleribus
1166 1764 1303 1804 legitur,
1316 1763 1381 1795 hoc
1390 1771 1432 1795 eo
1444 1762 1570 1796 refesti
1577 1762 1698 1804 possit,

999 1811 1091 1854 quod
1107 1813 1197 1843 inter
1215 1813 1339 1852 pocula
1352 1816 1524 1844 certamen
1539 1813 1620 1844 illud
1635 1810 1697 1844 ini-

1000 1864 1071 1891 tum
1081 1860 1183 1891 fuisse
1194 1861 1402 1892 Scholiastes
1413 1865 1541 1892 narrat.
1551 1860 1696 1893 Torreat.

999 1909 1100 1948 Rupit
1123 1909 1331 1949 Hyan-bitum]
1354 1910 1559 1950 Hyarbitam
1581 1910 1696 1951 lingua

997 1957 1186 1996 Timagenis
1209 1958 1370 1988 Rhetoris
1396 1958 1518 1988 aemula
1535 1958 1641 1998 rupit,
1658 1958 1693 1990 id

998 2011 1064 2045 est,
1079 2007 1209 2047 dirupit
1224 2016 1300 2038 eum
1315 2006 1455 2038 nimium
1469 2007 1660 2040 clamando.

1042 2059 1084 2088 16
1106 2057 1221 2088 Studet
1231 2055 1381 2097 urbanus]
1395 2057 1442 2088 Et
1457 2057 1536 2088 dum
1555 2061 1696 2091 conten-

997 2104 1061 2136 dit.

1040 2157 1080 2185 17
1099 2153 1229 2194 Decipit
1240 2154 1414 2195 exemplar]
1434 2155 1502 2189 Qui
1525 2156 1560 2187 in
1579 2155 1693 2189 medio

997 2203 1114 2244 populi
1140 2204 1235 2235 velut
1259 2205 1435 2245 exemplar
1450 2205 1530 2236 vitan
1545 2214 1692 2238 morum—

997 2262 1064 2294 que
1081 2253 1208 2294 positus
1220 2258 1286 2292 est,
1303 2253 1347 2285 ad
1372 2254 1462 2296 quod
1482 2264 1519 2286 se
1542 2254 1691 2299 forment

995 2302 1127 2339 eaeteri,
1144 2303 1257 2335 videat
1270 2313 1313 2335 ne
1328 2305 1381 2336 vel
1391 2304 1426 2335 in
1441 2305 1580 2336 minimo
1590 2305 1694 2338 dece·

998 2353 1057 2384 dat
1072 2363 1092 2384 a
1115 2357 1224 2394 recto,
1249 2354 1478 2396 populumque
1494 2354 1527 2385 in
1543 2363 1692 2386 errorem

998 2402 1157 2434 inducat:
1181 2411 1258 2435 nam
1282 2413 1359 2435 cum
1381 2403 1465 2435 vitia
1487 2403 1593 2443 magis
1608 2404 1694 2435 allu-

998 2453 1150 2493 bescant,
1180 2453 1383 2494 imitataque
1415 2458 1494 2484 sunt
1526 2452 1692 2491 faciliora,

996 2502 1048 2544 fit,
1064 2508 1103 2534 ut
1118 2512 1159 2535 ea
1173 2503 1288 2544 vulgo,
1310 2503 1345 2535 in
1367 2503 1448 2534 viris
1468 2502 1692 2544 principibus,

998 2563 1060 2594 pro
1076 2552 1258 2585 virtutibus
1271 2553 1473 2590 habeantur,
1492 2553 1693 2594 ignarosque

997 2602 1182 2643 decipiant.
1205 2602 1302 2642 (ἔνη.
1338 2601 1466 2642 Decipit
1478 2601 1691 2643 exemplavi·

998 2652 1054 2683 tiis
1067 2651 1233 2692 imitabile]
1257 2652 1334 2684 Non
1350 2652 1573 2685 imitationem
1588 2651 1692 2688 tollit.

999 2700 1058 2732 sed
1086 2701 1176 2731 vitiis
1205 2701 1372 2732 inhaerere
1401 2705 1511 2732 vetat.
1549 2700 1690 2732 Tenens.

998 2750 1167 2791 Imitubile,
1186 2752 1266 2790 quod
1286 2750 1331 2791 si]
1352 2750 1484 2782 Bonum
1505 2749 1688 2790 exemplar,
