1858 3184
454 259 659 291 neuun
695 256 1042 293 ammomum!
1076 256 1168 286 ms.
1204 258 1233 287 1.
1264 247 1305 288 7.

201 356 241 385 64
269 353 330 383 Cui
348 350 466 393 potior]
497 351 625 384 Quibus
654 348 849 389 remigibus.

159 403 332 434 Inter-dicta
346 399 500 441 voluptas]
521 399 576 431 Ab
599 398 720 439 Ulysse
744 397 849 428 iuter-

161 451 267 484 dicta.

202 503 246 532 65
290 497 510 539 Mimnermus]
537 497 670 529 Mentio
699 496 849 538 ejusdem

158 548 428 590 prestantissimi
444 558 483 580 ac
497 547 711 579 vetustissimi
728 545 848 578 Poetae

157 601 191 632 in
207 600 317 642 Epist.
341 599 383 630 ad
400 599 535 630 Florum
558 597 617 630 lib.
634 606 676 630 11.
701 603 736 629 et
759 595 849 637 apud

157 650 388 691 Propertium.
431 648 626 688 Philologus
648 656 691 678 ex
716 647 846 679 Suida:

158 700 379 732 Mimnermus
401 698 584 739 elegiarum
607 698 755 738 scriptor
771 697 848 736 fuit,

157 749 214 790 qui
240 753 367 781 sectam
391 748 594 788 Epicuream
609 752 759 785 secutus,
775 757 848 779 eam

158 798 261 830 vitam
285 797 419 828 beatam
443 801 553 837 putat,
568 806 644 838 quoe
671 797 704 828 in
729 798 850 829 amori-

156 846 218 878 bus
234 850 270 878 et
288 846 377 887 jocis
404 846 616 886 transigitur.
662 846 752 878 Vide
769 847 849 878 Pet.

158 896 284 929 Nannii
298 896 447 928 Miscell.
472 895 532 928 lib.
554 904 604 927 iv.
647 896 852 928 Mimnermus

155 947 204 979 uti
218 947 335 988 ceum]
358 945 469 978 Poeta
481 954 656 978 venereus.

198 999 242 1029 66
267 997 365 1029 Vivus
377 996 412 1028 in
424 1004 527 1028 umore
533 994 688 1036 jocisque]
699 995 800 1028 Licet
812 1001 850 1028 ut

157 1047 262 1079 vivas.

199 1099 238 1128 67
256 1095 357 1137 Istis]
380 1096 467 1129 Quae
486 1095 557 1127 dixi
573 1095 616 1129 de
639 1105 768 1128 summo
790 1096 850 1128 bo·

159 1155 215 1178 no.

199 1198 242 1226 68
267 1195 427 1227 Candidus
440 1195 582 1235 imperti]
604 1195 777 1236 Benignus
793 1196 851 1227 im·

160 1245 262 1287 perti.
305 1245 344 1278 Si
357 1245 434 1286 non]
454 1246 490 1277 Si
507 1255 573 1277 non
597 1245 723 1277 rectius
749 1247 852 1285 nosti,

159 1299 257 1326 utere
265 1294 339 1334 jam
356 1303 376 1325 a
391 1303 443 1325 me
454 1294 567 1326 dictis.

159 1344 279 1376 Erm-
300 1350 365 1374 vn.
392 1343 452 1375 An
477 1343 734 1375 MAEBENATEM.
763 1344 850 1375 Με-

198 1392 311 1424 cenati
332 1401 368 1423 se
391 1397 533 1424 excusat
561 1393 651 1434 quod
682 1393 850 1433 promissis

198 1449 265 1472 non
277 1441 423 1481 steterit,
436 1441 550 1482 ejusin
564 1451 599 1472 se
610 1442 849 1474 liberalitatem

199 1495 440 1523 commemorat
463 1496 499 1523 et
514 1492 644 1531 laudat,
665 1491 724 1523 sed
749 1491 848 1524 liber-

200 1543 306 1571 tatem
321 1545 357 1572 et
372 1540 475 1572 animi
492 1541 768 1581 tranquillitatem
779 1550 848 1572 om-

199 1589 297 1621 nibus
318 1590 503 1622 amicorum
526 1590 628 1621 ‘donis
653 1595 690 1622 et
713 1590 849 1631 quibus-

200 1637 286 1670 libet
305 1638 435 1669 divitiis
461 1638 733 1679 anteponendam
763 1648 850 1676 esse,

199 1692 304 1729 atque
318 1688 403 1719 adeo
415 1697 489 1719 eum
506 1688 564 1729 qui
579 1688 695 1728 paucis
711 1694 851 1720 conteu-

200 1741 256 1780 tus
273 1736 384 1768 vivere
399 1737 533 1776 didicit,
549 1737 759 1768 incommoda
774 1747 849 1778 quae

200 1787 302 1818 vitam
318 1787 525 1818 ambitiosam
542 1786 760 1825 comitantur,
782 1796 850 1818 non

201 1845 301 1875 posse
315 1834 406 1866 ferre
419 1835 541 1865 innuit.

203 1886 219 1914 l
246 1883 388 1924 Quinque
401 1882 484 1922 dies]
506 1882 692 1914 Exorditur
707 1892 727 1913 a
743 1891 849 1913 remo-

159 1933 251 1964 tione
265 1933 376 1972 culpae
392 1931 547 1963 inmorbi
564 1931 732 1970 timorem,
749 1939 849 1971 prop-

159 1987 212 2013 ter
227 1986 347 2013 aestum
363 1980 602 2012 canicularem.
628 1979 724 2020 Cruq.
763 1980 849 2011 Rure

154 2029 311 2070 futurum]
323 2029 364 2061 In
375 2029 500 2061 Sabina
512 2028 660 2069 regione,
670 2028 727 2059 ubi
737 2028 847 2060 villam

158 2080 274 2111 babuit
289 2078 453 2111 Horatius
469 2077 735 2110 amoenissimam.

200 2131 221 2161 2
237 2128 388 2160 Sextilem
401 2128 514 2168 totum]
537 2127 605 2159 Hic
625 2127 748 2158 mensis
774 2137 848 2159 sex-

158 2183 212 2210 tus
223 2188 244 2210 a
259 2178 397 2218 Martio,
406 2177 464 2219 qui
477 2186 599 2208 anuum
614 2177 704 2217 apud
715 2182 848 2209 veteres

158 2227 347 2263 inchoabat,
362 2227 374 2244 ‘
387 2227 556 2267 Augustus
570 2225 579 2239 ’
603 2231 722 2266 postea
736 2226 848 2258 dictus

159 2282 229 2316 est3
252 2281 290 2309 ut
304 2276 464 2312 Quintilis
480 2275 634 2308 ‘Julius-⁹
677 2276 723 2307 Et
741 2275 850 2307 Hora-

161 2329 227 2359 tius
242 2327 389 2370 quidem‚
406 2325 535 2358 vitandi
549 2331 649 2358 aestus
663 2335 796 2366 caussa,
809 2336 850 2358 eo

160 2385 274 2408 mense
288 2377 331 2408 ab
343 2376 437 2408 Urbe
450 2375 569 2407 abesse
582 2376 704 2407 voluit:
728 2381 763 2407 at
775 2376 849 2407 Cae-

160 2435 214 2457 sar
238 2426 311 2467 ipse
335 2425 510 2466 Augustus
538 2426 648 2457 hieme
673 2426 850 2466 magis-in-

161 2474 284 2507 festam
309 2475 498 2507 valetudini
533 2485 600 2507 suae
630 2475 759 2507 Urbem
791 2485 850 2507 ex·

162 2528 280 2564 pertus
307 2529 380 2555 est:
415 2525 514 2556 Suet.
542 2528 686 2566 cap-¹¹12.
707 2525 850 2558 Tment.

164 2571 317 2603 Sextilem
342 2572 454 2612 totum]
472 2573 594 2604 Totum
616 2583 765 2605 mensem
780 2574 850 2606 Au-

163 2626 297 2661 gustum
319 2620 447 2652 absum.
490 2621 590 2661 Atqui
604 2621 643 2653 Si
662 2632 711 2655 me
730 2623 850 2665 vivere]

165 2670 298 2711 Optimi
321 2670 457 2701 codices
479 2678 616 2702 numero
639 2671 784 2713 quinque
804 2674 851 2704 le-

164 2725 248 2761 gunt
261 2723 365 2761 atque.
389 2720 546 2752 Torrent-

203 2772 225 2800 Δ
249 2769 348 2805 Quum
361 2769 438 2801 mihi
450 2770 507 2801 das
518 2769 618 2810 agro]
639 2770 746 2804 Dabis
761 2772 851 2804 illam

1475 246 1585 287 1791

896 347 1041 387 veniam,
1056 357 1155 389 quam
1171 348 1250 379 mibi
1265 348 1364 380 dares
1378 357 1480 388 πετο.

939 401 957 428 5
984 398 1069 430 Dum
1076 398 1162 439 fictas
1184 397 1303 439 prima]
1328 398 1447 429 Donec
1474 397 1589 430 fervet

897 447 1070 484 Canicula,
1086 458 1151 490 quo
1168 453 1321 489 tempore
1336 448 1421 479 ficus
1445 449 1587 488 primum

896 501 1142 530 maturescunt.
1188 498 1283 530 Ficus
1304 497 1423 538 ρήηια]
1447 498 1456 516 ‘
1470 497 1587 529 Ficum

898 545 1040 578 biferam
1053 546 1144 578 ’esse
1155 547 1301 579 diximus
1318 556 1358 579 ιι.
1366 548 1436 579 Sat.
1445 549 1494 580 2.·
1503 548 1588 580 Cum

897 596 1036 637 duplice
1050 595 1139 628 ficu!
1166 597 1304 628 Tor-rent.

938 649 959 677 6
974 646 1231 687 Designatorem]
1254 647 1331 679 Duo
1361 647 1498 680 codices
1526 648 1589 679 dis·

895 695 1090 735 signatorem
1113 695 1388 738 adscriptumque
1409 698 1442 729 in
1470 698 1590 736 altero,

897 746 907 763 ‘
922 745 1174 785 Dissignatores
1229 746 1390 777 dicuntur
1435 745 1591 778 funerum

898 795 1070 836 mancipes
1081 801 1116 827 et
1127 795 1358 827 ordinatores:
1382 805 1458 826 nam
1471 795 1591 836 dissig-

898 853 980 876 nare
995 850 1048 876 est
1063 845 1233 886 ordinare,
1257 846 1347 877 unde
1362 849 1398 877 et
1418 846 1474 887 qui
1500 845 1591 877 locos

898 894 932 926 in
950 895 1092 927 theatris
1108 896 1357 937 spectatoribus
1372 895 1592 934 distribuunt,

897 944 1145 986 dissignatores
1160 946 1373 978 dicebantur.
1417 946 1594 978 l'raeterea

898 995 1080 1035 dissignare
1094 1001 1145 1028 est
1158 995 1390 1028 confundere:
1407 996 1480 1036 ipse
1491 996 1590 1027 alibi:

896 1045 906 1062 ⁴
918 1045 1010 1078 Quid
1027 1055 1093 1076 non
1109 1046 1257 1077 ebrietas
1270 1045 1470 1086 dissignat?'
1481 1045 1489 1059 '
1533 1045 1590 1077 Sic

898 1095 966 1134 ille,
990 1096 1139 1137 quisquis
1164 1095 1280 1128 fuerit.
1324 1095 1390 1128 Sed
1418 1101 1592 1136 receptam

898 1153 1008 1185 servo,
1031 1150 1171 1177 auctore
1195 1146 1347 1183 Donato,
1369 1145 1402 1176 in
1425 1144 1506 1175 illud
1528 1145 1593 1176 Te·

900 1193 999 1224 rentii
1017 1194 1204 1235 Adelphis:
1227 1194 1352 1226 ‘Modo
1375 1194 1458 1236 quid
1481 1194 1593 1235 desig-

899 1242 1024 1275 navit?
1039 1243 1088 1274 ait
1099 1244 1186 1275 enim
1201 1243 1418 1285 ‘designare’
1433 1253 1506 1275 esse
1523 1253 1592 1276 rem

898 1300 1017 1322 novam
1033 1291 1169 1323 facere:
1193 1296 1228 1324 et
1245 1293 1324 1333 quia
1340 1293 1373 1324 in
1391 1291 1592 1324 funebribus

899 1341 1030 1381 pompis
1046 1341 1151 1372 multa
1173 1340 1302 1372 fiebant
1319 1351 1406 1374 nova
1431 1351 1470 1373 ac
1496 1351 1592 1382 spec-

898 1389 1001 1420 tanda
1014 1389 1056 1421 ad
1072 1391 1285 1422 retinendum
1300 1391 1472 1432 populum,
1482 1391 1593 1424 dictos

897 1439 978 1484 iude
1000 1440 1273 1481 ‘designatores’
1311 1441 1370 1483 qui
1405 1447 1591 1482 praeerant:

898 1493 946 1530 et,
959 1494 1070 1531 utego
1087 1490 1222 1531 quidem
1238 1491 1399 1530 arbitror,
1411 1501 1505 1522 suum
1523 1493 1592 1523 cui-

897 1548 962 1581 que
978 1540 1088 1572 locum
1103 1545 1205 1581 atque
1222 1540 1375 1572 ordinem
1393 1541 1593 1581 praescribe·

899 1589 994 1621 bant.
1018 1589 1106 1621 Vide
1123 1590 1202 1622 Pet.
1227 1589 1353 1622 Nanuii
1375 1590 1522 1622 Miscell.
1536 1590 1593 1622 lib.

898 1647 948 1670 lv.
963 1639 1107 1671 Tmmt.
1145 1639 1401 1680 Designutorem]
1425 1640 1594 1679 Designa-

900 1692 954 1719 tor
979 1693 1043 1728 est,
1085 1689 1143 1729 qui
1173 1690 1423 1732 constituendae
1458 1688 1593 1719 funebri

901 1750 1036 1780 pompae
1053 1745 1192 1780 praeest.
1228 1740 1406 1770 Lictoribus
1419 1738 1515 1776 atris]
1531 1738 1595 1768 Fa-

900 1794 976 1820 cete
993 1788 1214 1819 libitinarium
1228 1797 1338 1825 suum,
1353 1791 1522 1827 tamquam
1537 1796 1594 1817 cu-

902 1838 1008 1868 rulem
1042 1837 1201 1868 honorem
1238 1841 1386 1876 gereret,
1415 1836 1593 1867 lictoribus

899 1890 1012 1924 ornat,
1027 1885 1084 1925 qui
1099 1885 1132 1916 in
1148 1884 1281 1915 funebri
1295 1884 1480 1915 ministerio
1495 1884 1593 1915 fuere

899 1933 1113 1974 vespillones,
1123 1931 1354 1973 sandapilarii,
1366 1938 1509 1972 ustores,
1523 1935 1594 1974 pol-

897 1982 1074 2022 linctores,
1097 1981 1256 2023 praeficae,
1279 1987 1313 2014 et
1335 1983 1391 2014 alii
1421 1983 1453 2014 id
1486 1994 1592 2023 genus

897 2032 1070 2071 homines;
1093 2033 1158 2064 atri
1170 2042 1297 2072 omues,
1306 2038 1343 2064 et
1356 2033 1461 2064 vestis
1473 2042 1594 2065 caussa

898 2087 935 2113 et
950 2082 1081 2113 ominis.
1112 2083 1252 2114 Torrent.
1294 2082 1472 2114 Lector-ibus
1499 2084 1594 2124 atris]

898 2131 1066 2163 Ministris
1082 2131 1276 2163 libitinariis
1292 2133 1441 2173 pullatis.

940 2184 959 2213 7
978 2182 1066 2213 Dum
1083 2181 1202 2222 pueris]
1228 2183 1318 2213 Dum
1343 2187 1453 2214 mater
1475 2182 1593 2214 liberis

899 2231 966 2262 suis
983 2231 1116 2262 metuit.

939 2283 960 2311 8
977 2281 1122 2322 officiosa
1136 2281 1304 2321 sedulitas]
1328 2280 1591 2322 Appositissima

899 2329 1102 2371 significatio
1115 2332 1304 2373 plebeculae
1319 2342 1395 2364 cum
1412 2333 1480 2363 suis
1493 2332 1593 2363 advo-

899 2380 985 2411 catis
1008 2382 1163 2413 sollicitae
1180 2382 1212 2412 in
1230 2383 1338 2413 causis
1358 2381 1592 2416 familiaribus,

901 2438 982 2470 quas
993 2429 1071 2462 ideo
1081 2432 1233 2462 nominat
1244 2433 1254 2449 ‘
1263 2430 1412 2471 opellas‚'
1428 2440 1500 2470 quae
1513 2439 1591 2460 cum

900 2479 968 2510 sint
982 2480 1109 2511 minimi
1125 2479 1198 2511 fere
1218 2479 1391 2517 momenti,
1405 2488 1462 2509 eas
1479 2483 1591 2510 tamen

901 2534 1019 2569 agunt,
1049 2529 1143 2570 quasi
1169 2529 1216 2559 dev
1242 2528 1344 2558 rebus
1367 2527 1520 2558 maximis
1547 2527 1593 2558 sit

901 2578 1086 2609 contentio.
1120 2578 1214 2615 Cruq.
1264 2576 1406 2617 Officium
1427 2577 1591 2618 sedulitas]

903 2627 1018 2658 Nimia
1033 2626 1209 2665 diligentia
1224 2625 1258 2656 in
1275 2625 1384 2658 officio
1398 2626 1591 2666 praestando

902 2676 971 2707 suis
1001 2674 1196 2706 clientibus.
1256 2675 1380 2716 Opella]
1413 2675 1529 2717 Opera
1557 2675 1591 2706 in

901 2723 986 2756 foro.

943 2778 965 2805 9
980 2776 1173 2808 Testamenta
1188 2776 1341 2818 resignat,
1359 2776 1430 2817 tra]
1451 2777 1591 2809 Mortuo
