1858 3184
194 234 199 239 .
256 198 370 244 1972
675 211 932 243 Rsscnusus
967 210 1254 243 ΕῡιτιοΝυΜ

283 335 286 338 «
315 313 415 351 1613
445 313 495 357 Q.
520 312 706 352 Horatius
746 314 912 352 Flaccus
941 325 1031 351 cum
1063 313 1166 351 notis
1194 312 1287 350 Jani
1319 312 1532 364 Rutgersii.
1570 304 1703 369 Ex'ty-

255 377 473 430 pographia
491 378 593 417 Rob.
615 377 805 429 Stephani
825 391 898 415 111.
939 378 1068 416 Lutet.
1093 379 1154 415 12.
1197 375 1330 415 Editio
1363 384 1573 429 praestans,
1591 378 1703 430 cujus

254 447 385 480 textus
421 455 631 494 expressus
662 449 724 480 est
754 455 802 480 ex
822 442 888 480 ed.
910 441 1076 487 Heinsii,
1109 440 1227 478 etiam
1265 454 1354 479 cum
1389 441 1584 494 plerisque
1616 442 1705 493 ejus

253 505 439 545 emendd.
498 506 637 557 Neque
657 512 787 545 tamen
808 519 943 545 omnes
976 505 1116 557 probat
1150 504 1404 556 Rutgersius;
1436 519 1460 545 a
1478 518 1558 558 quo
1588 506 1711 560 etiam,

255 580 401 613 vocant
421 569 723 621 Rutgersianam
744 584 774 608 1.

308 656 361 662 -
391 632 492 672 Odae
512 633 676 685 Lyricae,
694 648 763 685 per
780 636 865 673 Jos.
888 635 1093 686 Langiurn.
1113 635 1255 674 Colon.
1278 636 1316 672 8.

307 719 361 728 —
389 710 424 736 c.
448 711 547 737 vers.
568 699 650 739 Etr.
669 699 735 738 J0.
758 699 929 738 Fabrini.
950 700 1091 738 Venet.
1112 703 1152 740 4.

313 763 415 800 1614
445 762 587 801 Bondii
608 776 670 801 VI.
684 762 852 802 Londin.
872 763 1040 815 impenS.
1059 765 1196 803 Thom.
1218 764 1379 802 Adams.
1397 765 1435 801 8.

313 827 418 865 1615
446 839 535 866 cum
553 834 765 867 comment.
787 827 987 875 Chabotii,
1007 841 1077 880 per
1095 830 1161 869 Jo.
1175 830 1263 868 Jac.
1280 828 1512 867 Grasserum
1533 831 1649 865 aucta
1667 832 1706 865 et

252 890 462 939 illustrata,
483 904 547 943 ap.
565 891 664 931 Lud.
686 892 821 944 Regis.
843 892 987 932 Colon.
1006 892 1122 931 Mun.
1142 893 1297 943 (Basil.)
1315 892 1384 931 fol.

314 956 415 994 1616
443 955 710 1008 Expurgatus,
729 969 818 995 cum
843 963 1055 998 comment.
1089 957 1231 997 Colon.
1267 956 1374 1009 apud
1406 955 1567 995 Conrad
1588 955 1708 994 Buet-

256 1019 428 1069 genium.
451 1021 489 1058 8.
1150 1021 1158 1025 ’

308 1106 362 1112 -
389 1096 458 1134 per
478 1082 638 1122 Valent.
660 1083 946 1122 Cremcovium.
968 1085 1010 1123 S.
1029 1085 1056 1123 l.
1078 1087 1116 1124 8.
1417 1115 1419 1117 -

310 1169 363 1174 ——
391 1146 595 1185 Bersmani
616 1160 669 1187 11.
697 1147 946 1200 locupletior,
977 1148 1026 1187 ab
1057 1147 1195 1187 eodem
1227 1147 1445 1200 recognita.
1477 1147 1584 1199 Lips.
1605 1147 1707 1199 typis

257 1210 502 1250 Grossianis.
523 1212 561 1250 8.

307 1297 362 1304 —-
391 1275 558 1314 Amstel.
576 1289 639 1328 ap.
660 1277 784 1315 Henr.
806 1277 1072 1316 Laurentium.
1098 1279 1158 1315 12.

309 1360 363 1368 -—
393 1339 574 1390 Lugdun.
608 1341 646 1379 in
687 1353 795 1391 corp.
832 1342 985 1392 po‘et‘ar.
1020 1341 1147 1379 Latin.
1183 1342 1232 1379 ab
1263 1341 1378 1380 Alex.
1411 1340 1573 1378 Ficheto
1606 1340 1648 1378 S.
1667 1339 1709 1376 J.

254 1402 378 1442 edito.
399 1405 439 1442 4.

315 1468 415 1505 1617
448 1468 498 1512 Q.
520 1467 574 1507 H.
596 1468 640 1506 F.
661 1469 710 1507 ab
731 1468 836 1507 omni
869 1469 1127 1508 obscoenitate
1147 1474 1352 1521 purgatuS‚
1369 1467 1420 1507 ad
1444 1481 1558 1506 usum
1586 1466 1710 1519 Gym-

254 1532 453 1570 nasiorum
474 1533 516 1570 S.
536 1533 575 1571 J.
595 1532 688 1570 Aldi
717 1533 888 1572 Manutii
921 1533 971 1572 de
999 1534 1140 1572 Metris
1171 1533 1312 1572 Horat.
1346 1539 1385 1571 et
1417 1532 1518 1570 Odae
1543 1530 1707 1583 aliquot,

254 1595 342 1634 scil.
364 1595 454 1634 Ode
473 1597 539 1634 21.
560 1604 599 1634 et
617 1599 684 1635 24.
704 1596 808 1636 Libr.
831 1610 863 1635 1.
881 1604 923 1635 et
941 1597 1030 1635 Ode
1050 1597 1090 1635 6.
1111 1596 1215 1636 Libr.
1237 1610 1288 1634 11.
1309 1602 1350 1635 et
1371 1596 1503 1634 Carm.
1532 1594 1710 1635 Secular.

257 1673 280 1698 a
302 1659 397 1699 Fed.
414 1659 583 1698 Morello
614 1660 756 1699 Graece
775 1659 913 1699 eodem
939 1673 1083 1712 genere
1101 1674 1202 1699 vers.
1234 1659 1361 1711 Lyric.
1382 1658 1562 1699 redditae.
1590 1659 1709 1712 Apud

256 1726 321 1764 Jo.
344 1725 490 1764 Libert.
511 1724 635 1763 Paris.
661 1726 724 1763 12.

314 1790 415 1828 1618
447 1789 497 1833 Q.
516 1789 568 1828 H.
590 1789 635 1827 F.
658 1789 707 1827 ab
737 1789 844 1827 omni
878 1789 1136 1829 obscoenitate
1156 1789 1294 1828 Romae
1329 1793 1586 1840 expurgatus.
1618 1784 1710 1824 Μο-

257 1853 371 1892 nach.
394 1867 443 1892 ex
457 1861 614 1904 typogr.
634 1853 842 1905 Bergiana.
869 1855 933 1892 12.

309 1940 364 1946 —-—
393 1917 508 1963 Odae,
527 1930 597 1968 per
615 1917 702 1955 Jos.
723 1918 929 1968 Langium.
952 1918 1094 1955 Colon.
1120 1920 1182 1956 12.

315 1983 416 2019 1619
447 1981 496 2019 de
515 1981 611 2018 Arte
630 1981 787 2031 po'etica
802 1979 853 2018 ad
869 1980 1034 2019 Pisones
1052 1980 1245 2031 Epistola,
1265 1992 1315 2017 ex
1334 1991 1411 2017 rec.
1427 1979 1535 2016 Dan.
1557 1977 1710 2017 Heinsii

257 2044 421 2083 seorsim
440 2043 559 2082 edita.
590 2043 740 2082 Addita
751 2050 790 2082 et
806 2043 1164 2083 Dissertatiuncula
1183 2042 1361 2094 ejusdem
1380 2055 1498 2095 super
1509 2042 1652 2082 Plauto
1671 2049 1711 2081 et

257 2108 439 2148 Terentio
459 2107 645 2146 Comicis.
666 2107 830 2146 Witteb.
849 2114 932 2160 typ-
953 2108 1017 2146 Jo.
1034 2107 1264 2146 Gor-manni.
1278 2109 1319 2146 4.
1703 2102 1715 2107 ’

310 2163 380 2202 —‘
393 2173 538 2224 Opera.
557 2173 617 2211 Ex
636 2178 793 2225 typogr.
813 2172 903 2212 Jac.
924 2172 1040 2211 Stoer.
1061 2185 1092 2210 s.
1115 2172 1142 2210 l.
1163 2173 1226 2210 12.

310 2260 365 2269 -μ
393 2236 651 2277 Genevensis.
675 2237 739 2275 16.

312 2324 366 2330 —-
394 2301 559 2341 Amstel.
580 2314 644 2352 ap.
665 2300 772 2339 Guil.
788 2301 958 2339 Janson.
979 2302 1046 2339 24.

316 2367 418 2404 1620
449 2366 677 2421 Cruquiana
698 2378 803 2405 vui.
824 2378 872 2403 ex
892 2364 995 2404 offic.
1015 2364 1190 2404 Plautin.
1211 2363 1381 2416 Raphel.
1401 2365 1443 2402 4.

313 2453 368 2460 —
396 2444 486 2469 cum
505 2431 612 2469 Laev.
638 2429 832 2469 Torrentii
851 2435 891 2468 et
923 2429 970 2468 P.
992 2428 1139 2468 Nannii
1159 2427 1476 2469 Commentariis.
1496 2424 1573 2466 Ed.
1591 2425 1710 2478 longe

262 2495 424 2533 auctior.
446 2495 564 2534 Antv.
583 2494 686 2546 Typ.
707 2494 880 2532 Plautia.
899 2496 942 2533 4.

314 2582 368 2587 —
397 2559 539 2598 Bondii
560 2572 645 2598 vn.
668 2557 835 2598 Londin.
851 2560 890 2598 8.

315 2644 368 2650 -—
396 2623 661 2674 Expurgatus.
683 2623 869 2662 Luxemb.
890 2622 1012 2675 Typis
1033 2623 1199 2662 Huberti
1218 2621 1406 2662 Reulant.
1428 2622 1493 2661 12.
1551 2669 1555 2672 Β

320 2686 418 2723 1621
452 2687 499 2726 P.
523 2687 664 2726 Franci
700 2687 924 2727 Comment.
955 2687 1161 2727 Horatiani
1194 2686 1444 2726 Praemetium
1476 2684 1516 2723 in
1545 2696 1574 2721 1.
1596 2689 1637 2722 et
1658 2693 1708 2724 Π,

263 2750 365 2789 Libr.
388 2762 417 2787 1.
441 2749 566 2796 odas,
589 2745 869 2792 annotamenta
887 2751 1090 2791 exhibens.
1113 2751 1294 2791 Francos.
1315 2753 1356 2791 4.
