1858 3184
263 203 379 252 1960
684 213 944 250 Βεοκηευε
978 212 1264 257 murionum

321 305 418 343 1561
451 304 680 344 Sermonum
714 303 783 345 lib.
824 317 854 345 1.
893 304 1021 357 Satyr.
1066 304 1103 342 1.
1173 302 1234 342 Ex
1267 302 1370 344 offic.
1411 302 1546 352 Gabr·¹
1583 303 1710 356 Quen.

265 367 390 407 Paris.
406 371 446 407 4.

316 455 371 462 -
399 432 501 471 Libr.
520 431 697 471 odarum
718 438 758 469 et
778 430 905 483 Epod.
925 444 1015 470 cum
1037 430 1213 472 Scholiis
1247 429 1373 474 Mich
1401 429 1526 479 Bruu,
1547 442 1616 482 ap,
1617 402 1714 471 'Al-

266 495 390 534 dum
374 509 462 548 jun.
478 496 623 536 venet.
643 497 686 534 8.

318 583 373 588 --
400 560 450 604 Q.
472 559 524 603 H.
551 559 597 598 F.
623 571 712 601 cum
742 557 910 597 Scholiis
945 558 1003 599 M.
1024 559 1118 599 Ant.
1153 558 1298 601 Mureti
1318 564 1360 599 et
1388 555 1481 600 Aldi
1513 527 1647 598 Man.
1663 554 1714 595 de

265 623 403 661 Metris
427 623 668 661 Horatianis.
689 623 832 660 Venet.
851 624 889 662 8.

323 687 426 732 1562
455 686 531 727 Ed.
565 688 683 732 1544
716 686 777 726 vel
819 687 936 725 1559.
975 686 1140 738 repetita
1174 685 1281 737 apud
1315 685 1538 726 Bonellum.
1572 684 1713 724 Venet.

266 750 335 797 fol.
384 765 391 773 ·

314 837 371 850 —-
397 814 472 853 Ars
490 815 657 866 poetica.
680 814 740 852 Ex
755 813 859 853 offic.
883 813 1006 852 Gabr.
1027 813 1157 853 Buon.
1178 812 1303 852 Paris.
1326 815 1365 852 4.

317 901 372 907 —
399 878 567 929 Epodon
586 879 695 923 liber,
715 891 785 930 per
797 878 937 916 Thom.
959 876 1148 915 Richard.
1170 877 1296 915 Paris.
1315 878 1356 915 4.

317 966 372 977 ——-
399 943 662 995 Epistularum
683 941 770 980 libri
791 954 845 980 11.
866 954 935 994 per
948 941 1091 985 Thom.
1110 940 1298 980 Richard.
1318 940 1443 994 Paris.
1461 942 1502 978 4.

251 1056 255 1060 .
317 1030 372 1043 ,-
399 1007 474 1046 Ars
493 1006 662 1059 poetica,
683 1019 719 1044 c.
740 1005 872 1044 Schol.
887 1005 1085 1054 brevibus,
1104 1004 1175 1044 sed
1196 1002 1373 1042 eruditis.
1393 1003 1516 1045 Paris.
1536 1005 1578 1046 4,

318 1093 373 1101 ——-
400 1070 665 1122 Epistularum
687 1068 774 1106 libri
793 1081 843 1107 ιι.
859 1081 947 1105 curn
969 1067 1154 1105 Scholiis.
1178 1067 1302 1104 Paris.
1317 1068 1358 1105 4.

316 1155 372 1167 v—
398 1132 601 1172 Philiberti
632 1130 865 1177 Laudenoti,
898 1130 1044 1176 Hedui,
1072 1143 1214 1169 comm.
1242 1129 1281 1167 in
1313 1129 1399 1167 libr.
1421 1141 1451 1168 1.
1485 1128 1628 1181 Epion.
1658 1128 1720 1168 Ex

266 1198 371 1236 offic.
391 1196 514 1234 Gabr.
536 1195 663 1234 Buon.
684 1194 813 1233 Paris.
833 1196 874 1232 4.

322 1283 371 1295 ,-
401 1260 515 1298 Liber
534 1259 584 1297 de
606 1266 688 1299 arte
719 1259 890 1309 poetica,
923 1258 1011 1296 Jac.
1044 1256 1214 1303 Grisolii,
1247 1255 1450 1297 Luciniau.
1473 1256 1619 1307 luterp,
1651 1269 1721 1294 ex-

265 1323 451 1375 plicatuS,
472 1322 577 1374 apud
598 1322 663 1360 Jo.
679 1321 877 1358 varisium
897 1328 936 1359 et
957 1321 1109 1364 Socios.
1139 1321 1281 1359 Venet.
1303 1322 1341 1359 8.

322 1409 377 1415 --
405 1387 456 1432 Q.
475 1386 528 1424 H.
550 1385 594 1428 F.
614 1398 648 1423 c.
685 1384 789 1423 uotis
819 1384 985 1427 Acronis
1023 1391 1063 1423 et
1095 1383 1273 1431 aliorum,
1311 1396 1380 1435 per
1410 1382 1461 1422 G.
1483 1381 1719 1426 Fabricium.

268 1450 412 1503 Colon.
434 1451 473 1488 8.

326 1516 428 1553 1563
456 1513 506 1552 de
545 1513 637 1551 Arte
670 1512 824 1563 poetica
856 1511 952 1550 liber
983 1510 1035 1550 ad
1068 1510 1250 1552 Pisones.
1306 1509 1467 1550 Additae
1501 1517 1595 1549 sunt
1626 1509 1717 1548 duae

266 1578 416 1630 Elegiae
433 1577 538 1616 Frid.
553 1575 809 1627 Videbrandi.
829 1574 981 1618 Excud.
1005 1574 1151 1613 Donat.
1171 1574 1430 1626 Ritzenhayn.
1458 1574 1550 1614 Jen.
1568 1575 1607 1612 4.

321 1665 375 1671 —
403 1640 630 1679 Carminum
666 1639 751 1678 libri
787 1652 850 1677 1v.
883 1638 1018 1693 Epod..
1048 1645 1089 1676 et
1121 1638 1253 1677 Car-m.
1304 1636 1433 1681 Secul.
1473 1650 1543 1689 per
1577 1636 1718 1674 Thom.

269 1704 460 1755 Richard.
483 1704 609 1743 Paris.
628 1705 671 1742 4.

322 1793 377 1799 -
404 1769 479 1814 Ars
500 1767 671 1821 poetica,
689 1779 759 1821 per
778 1765 918 1817 Thom.
938 1764 1126 1809 Richard.
1146 1763 1273 1803 Paris.
1293 1766 1334 1804 4.

320 1856 375 1863 —-
402 1834 548 1884 Opera
567 1845 637 1883 per
655 1832 722 1870 Jo.
743 1829 981 1882 Gryphium.
1010 1829 1152 1868 Venet.
1175 1830 1214 1866 8.

325 1920 375 1926 —
402 1909 491 1934 cum
525 1894 857 1933 Annotationibus
897 1892 1225 1930 Doctissimorum
1259 1890 1452 1929 Virorum.
1521 1890 1579 1928 Ex
1618 1878 1724 1931 offic.

270 1960 427 1998 Ernest.
448 1957 657 2009 Voegelini.
680 1957 821 1995 Coust.
841 1956 993 2006 Lips.8

320 2044 375 2051 —-
402 2021 669 2073 Epistolarum
689 2020 776 2058 libri
798 2033 849 2058 11.
881 2019 1027 2058 Leidoe.
1049 2020 1088 2056 8.

326 2087 430 2134 1564
458 2084 605 2138 Opera,
625 2096 714 2124 cum
729 2089 871 2125 annot.
888 2081 1048 2129 Mureti,
1069 2081 1175 2133 apud
1195 2079 1340 2122 Aldum
1358 2078 1445 2131 jun.
1466 2078 1607 2135 Venet.
1626 2082 1664 2122 8.

321 2173 377 2187 -,.—..
403 2149 478 2187 Ars
493 2147 664 2200 politica,
682 2154 722 2187 et
754 2148 794 2188 in
821 2159 909 2192 eam
929 2145 1186 2202 Paraphrasis
1220 2150 1260 2187 et
1279 2143 1633 2186 commentariolus
1653 2144 1719 2187 Jo.

269 2213 468 2265 Sambuci.
489 2213 550 2259 Ezr
563 2211 667 2257 offic.
687 2210 862 2255 Plautin.
882 2210 1002 2254 Autv.
1021 2211 1058 2247 8.

323 2300 377 2314 -.-.
405 2278 512 2333 Qpp.
532 2289 622 2316 cum
642 2274 800 2314 scholiis
835 2274 993 2326 Mureti.
1019 2280 1068 2312 et
1097 2271 1383 2314 animadverss.
1416 2271 1527 2314 Bruti
1562 2279 1603 2315 et
1626 2271 1717 2316 Aldi
1752 2265 1755 2269 ’

273 2342 385 2383 Man.
406 2341 456 2393 de
474 2339 611 2384 Mettis
631 2339 728 2379 Hor.
747 2338 852 2384 Ven.
879 2340 917 2376 8.

325 2429 380 2434 —
406 2406 552 2456 Opera,
571 2416 661 2443 eum
681 2408 858 2441 annotat.
883 2415 978 2440 ΧΠ.
1016 2402 1196 2456 Virorum
1234 2398 1385 2438 doctor.
1406 2398 1558 2443 Exeud.
1581 2397 1720 2442 Petrus

275 2470 412 2510 Horst.
432 2468 576 2515 Colon.
597 2469 634 2506 8.

327 2557 381 2572 η-
407 2533 459 2585 Ω.
482 2533 534 2573 H.
554 2532 599 2570 F.
618 2544 656 2578 (ι.
671 2543 810 2577 corum.
831 2529 904 2569 Th.
926 2527 1336 2581 Pulmanni20raneb.
1356 2526 1475 2565 Antv.
1499 2526 1561 2566 16.

259 2636 263 2639 ,
333 2599 437 2642 1565
466 2596 515 2647 Q.
538 2596 589 2634 H.
614 2595 658 2634 F.
696 2608 745 2633 ex
783 2593 861 2633 fide
897 2592 1033 2638 decem
1074 2592 1176 2631 Mss.
1215 2604 1334 2643 opera
1374 2590 1492 2634 Dion.
1534 2589 1724 2644 Lambini,

260 2660 444 2713 *Monstn
465 2659 712 2706 emendatus,
738 2670 828 2701 cum
862 2656 945 2709 ejus
928 2655 988 2696 d.
1006 2663 1216 2698 comment.
1251 2655 1393 2694 Venet.
1414 2666 1483 2706 per
1503 2653 1650 2706 Georg.
1672 2642 1721 2697 de

268 2723 462 2786 Caballis.
485 2725 522 2758 4.
554 2723 626 2761 Est
642 2721 907 2760 Lambinianae
929 2734 955 2758 r
977 2719 1168 2771 repetitio.
