1858 3184
230 204 343 276 1824

231 336 343 368 dictos
371 335 533 374 tradunt3
571 334 661 377 quod
699 334 931 376 Imperatores

230 386 385 428 captivos
401 385 550 417 vendere
566 395 605 417 ac
624 394 686 427 per
704 385 767 416 hoc
783 394 934 424 servare,

230 444 294 467 nec
316 435 475 467 occidere
499 435 622 466 solent.
648 435 792 466 Tor-rent.
840 434 932 465 Occi-

229 486 302 517 dere
314 486 395 526 noli]
424 485 491 519 Sed
510 484 634 517 vende.

272 539 315 567 70
339 536 417 569 Sine
429 538 537 576 pascat
551 536 660 574 durus,
673 533 816 573 aretque]
852 533 932 566 Sine

229 591 269 617 ut
285 590 403 626 pascat
421 593 572 625 gregem,
593 584 709 619 durus,
737 582 771 613 id
797 587 861 622 est,
886 583 934 614 la-

230 634 321 666 boris
338 632 531 674 perferens.

273 688 316 716 ⁷2
337 683 479 715 Annona·
491 682 607 724 prosit]
636 682 813 714 Annonam
828 681 934 714 faciat

229 734 397 773 viliorem,
411 732 581 764 frumenta
598 733 733 764 aliunde
750 734 932 774 importan-

230 784 289 815 do.
313 783 494 824 Penusque]
507 782 584 814 Hoc
593 782 821 823 penus,—or·is,
834 782 935 822 sigui-

229 833 311 865 ficat
322 842 421 864 omne
432 833 645 864 esculentum
658 837 694 864 et
706 833 935 874 potulentum,

233 893 300 925 quo
313 889 500 915 vescuntur
515 883 678 915 homines.

274 936 316 965 73
337 934 396 966 Vir
410 934 502 965 bonus
514 937 546 965 et
560 932 700 974 saliens]
721 933 870 965 Detecta
887 933 934 964 la-

230 983 336 1015 tentis
352 983 531 1025 injustitia!
546 982 681 1023 fraude,
705 982 842 1015 taudem
861 983 935 1024 quis

230 1042 312 1065 vere
323 1033 439 1074 justus
456 1038 492 1064 et
505 1038 679 1074 constans,
702 1033 860 1075 idemque
877 1034 935 1065 bo-

230 1091 294 1113 nus
308 1092 348 1114 ac
364 1082 500 1123 sapiens
514 1082 680 1114 dicendus
694 1082 749 1117 sit,
759 1091 825 1114 non
839 1087 936 1114 certa

230 1130 444 1170 definitione,
467 1131 528 1163 sed
545 1131 654 1172 (quod
670 1130 847 1162 efficacius
863 1130 934 1172 est)

231 1181 391 1221 exemplo
418 1180 579 1212 ostendit.
605 1181 747 1212 Torreat.
802 1181 861 1212 Vir
884 1181 935 1212 bo-

232 1230 306 1270 nus]
340 1231 402 1261 Vir
417 1240 536 1262 revera
552 1230 660 1261 bonus
677 1235 712 1261 et
728 1230 863 1271 sapiens
878 1240 935 1262 au-

231 1280 329 1311 debit
355 1290 431 1311 cum
457 1280 594 1311 Baccho
622 1281 670 1310 sic
699 1281 824 1320 alloqui
845 1281 935 1312 Peu-

231 1330 323 1362 thea.
378 1330 538 1369 Penthea]
577 1329 608 1360 Ο
637 1329 794 1360 Pentbeu
822 1334 936 1362 rector

230 1378 439 1414 Thebarum,
454 1378 535 1419 quid
553 1387 606 1409 me
622 1378 694 1418 pati
710 1380 839 1419 coges?

274 1433 315 1461 76
341 1429 511 1468 Indignum
526 1428 631 1469 coges]
665 1429 806 1460 Mallem
829 1438 935 1468 cogas,

231 1483 271 1511 ut
297 1479 331 1510 in
357 1478 465 1510 tribus
492 1478 757 1519 exemplaribus.
792 1479 935 1511 Tor-rent.

230 1529 379 1562 Adimam
394 1529 485 1569 bona]
524 1528 671 1560 Penthei
689 1534 739 1560 est
755 1529 935 1561 commina-

232 1580 293 1611 tio.
337 1580 458 1619 Nempe
484 1588 588 1618 pecus,
613 1578 695 1618 rem]
735 1579 936 1619 Respondet

231 1629 368 1670 sapiens
383 1629 447 1660 hoc
464 1629 584 1660 modo:
605 1628 650 1659 At
667 1633 746 1659 sunt
761 1628 851 1660 bona
866 1628 935 1660 for-

234 1684 325 1710 tunae
363 1689 440 1720 quae
478 1678 558 1709 mibi
596 1678 745 1710 adimere
782 1678 933 1719 minaris,

234 1737 359 1768 nempe
373 1737 493 1768 pecus,
506 1729 572 1759 &c-

274 1780 317 1808 76
342 1778 381 1808 In
409 1777 555 1818 mnicis]
596 1777 638 1808 In
668 1777 763 1809 duris
793 1778 935 1810 vinculis

231 1826 358 1869 (inquit
375 1826 567 1867 Pentheus)
583 1831 616 1858 te
633 1826 772 1858 tenebo.
845 1855 854 1857 ,

275 1878 317 1906 78
341 1876 413 1914 Ipse
428 1874 531 1913 Deus]
564 1876 672 1906 Pater
687 1886 782 1907 meus
797 1877 936 1916 Jupiter

230 1923 358 1965 (inquit
375 1922 548 1963 Bacchus)
575 1925 691 1954 statim
708 1924 766 1954 ubi
784 1925 937 1964 voluero,

231 1982 286 2004 me
304 1972 466 2004 liberabit
479 1981 499 2003 a
512 1973 667 2011 vinculis,
681 1977 785 2013 atque
799 1974 935 2003 immor-

232 2023 335 2054 talem
355 2021 471 2053 faciet.
516 2021 713 2062 Simulatque
736 2021 849 2061 volam]
880 2022 936 2053 Ita

233 2072 367 2103 omnino
391 2070 585 2111 legendum,
611 2079 678 2102 non
699 2071 792 2110 colet,
808 2075 846 2101 ut
862 2071 936 2112 qui-

232 2121 311 2153 dam
338 2120 494 2152 arbitrati
519 2123 608 2151 sunt.
650 2120 830 2151 Sententia
846 2120 934 2151 enim

232 2175 297 2209 est,
309 2170 431 2211 ipsum¹
444 2169 508 2200 sibi
522 2174 663 2200 mortem
679 2169 935 2210 consciscendo,

233 2231 254 2252 a
282 2221 356 2252 Deo
384 2220 564 2251 liberatum
591 2219 645 2250 iri.
696 2220 826 2251 Notum
850 2219 932 2250 illud

231 2269 351 2308 Plinii,
373 2269 433 2301 sed
446 2269 590 2310 petitum
608 2278 628 2300 a
642 2268 782 2309 Stoicis,
797 2276 933 2301 xxvm.

232 2323 265 2351 2.
285 2319 439 2351 omnibus
456 2318 565 2359 bonis,
579 2328 654 2360 quae
671 2318 797 2350 bomini
814 2318 934 2350 tribuit

232 2373 367 2410 natura,
397 2369 524 2401 nullum
549 2369 670 2400 melius
694 2378 770 2400 esse
785 2373 932 2409 tempes-

234 2419 305 2450 tiva
332 2422 455 2450 morte.
479 2414 621 2449 Tor-rent.
679 2417 812 2458 Opinor]
836 2417 933 2449 Exis-

234 2469 331 2508 timo,
345 2469 457 2510 inquit
471 2468 594 2508 Poeta,
605 2462 713 2500 virum
727 2468 851 2500 bonum
868 2468 932 2500 hoc

234 2519 372 2557 sentire,
387 2524 425 2549 ut
440 2518 538 2550 citius
553 2518 727 2558 moriatur,
747 2527 846 2560 quam
863 2522 931 2549 tur-

234 2567 327 2609 piter
354 2568 495 2600 serviat.
541 2567 632 2600 Nam
658 2576 749 2600 mors
771 2565 848 2599 finis
863 2576 933 2598 om-

234 2617 325 2647 nium
341 2617 516 2648 malorum.

277 2665 320 2695 79
347 2665 466 2696 Ultima
481 2666 579 2706 linea]
616 2666 741 2698 Rerum
758 2665 847 2698 euim
863 2675 933 2698 om-

236 2713 327 2745 nium
355 2719 544 2746 extremum
571 2725 682 2747 mors:
700 2710 818 2757 'neque
834 2716 888 2748 vel
913 2725 935 2747 a

236 2767 484 2804 geometrarum
511 2765 566 2797 vel
594 2775 613 2797 a
638 2763 808 2807 pictorum
837 2765 933 2799 lineis

697 240 839 273 NOTAE
872 239 1140 272 VARIORUM
1174 238 1227 271 ΙΝ

981 333 1062 366 duci
1076 334 1166 366 hanc
1183 331 1422 373 metaphoram
1437 328 1603 364 arbitror:
1619 332 1680 365 sed

981 393 1002 415 a
1016 383 1110 415 circo
1124 382 1178 415 vel
1195 381 1308 414 stadio
1323 380 1458 422 potins3
1477 388 1555 411 nam
1569 382 1683 422 qnem-

982 432 1162 464 admodum
1179 432 1295 464 Graeci
1317 430 1474 471 Ὺραμμῆἵ.
1496 429 1546 462 sic
1571 429 1684 463 Latini

982 492 1117 524 quoque
1132 483 1246 514 lineam
1259 486 1396 520 vocant,
1413 485 1482 513 tam
1496 479 1555 512 ubi
1567 488 1684 513 cursus

982 531 1118 572 incipit,
1129 541 1229 573 quam
1244 531 1301 563 ubi
1316 530 1440 562 desinit
1451 541 1462 563 ε
1478 529 1569 572 quod
1581 529 1687 563 dueta
1738 569 1744 575 η

981 582 1073 613 linea
1086 582 1344 623 designabatur.
1377 581 1554 623 Frequens
1569 585 1684 612 autem

984 633 1163 664 admodum
1201 632 1282 663 vitae
1320 632 1475 663 humanm
1512 639 1553 662 ac
1584 629 1687 662 stadii

984 682 1195 723 comparatio
1220 687 1287 714 est.
1314 682 1457 714 Tor-rent.
1509 681 1610 712 Linea
1634 689 1687 712 re-

982 743 1053 764 rum
1073 733 1136 774 est]
1171 733 1265 764 Finis
1284 741 1344 764 seu
1364 736 1567 764 extremum.
1609 731 1689 764 Me-

985 783 1128 823 tapliora
1153 782 1260 814 ducta
1282 782 1337 813 vel
1363 790 1384 812 a
1409 779 1604 813 Geometris
1630 780 1687 812 vel

984 832 1192 864 Pictoribus.

985 882 1106 914 Emsw.
1121 890 1210 913 xvn.
1247 881 1305 913 An
1321 881 1492 913 Scaevm.
1533 881 1686 913 Scaevam

1026 938 1155 972 monet,
1183 941 1226 964 ue
1256 931 1488 972 potentiorum
1517 931 1687 963 amicitias

1027 986 1178 1022 spernat,
1205 986 1309 1023 atque
1333 986 1373 1013 ut
1396 981 1429 1013 iu
1455 990 1516 1013 suo
1532 981 1612 1013 vitae
1628 989 1687 1020 ge·

1027 1041 1108 1063 nere
1124 1032 1338 1072 Aristippum
1354 1032 1468 1073 potius
1481 1040 1582 1073 quam
1602 1030 1687 1062 Dio-

1029 1091 1151 1122 genem
1182 1081 1348 1113 imitetur.
1377 1113 1389 1121 n
1405 1080 1460 1112 Ad
1495 1080 1687 1121 principum

1029 1130 1199 1162 amicitias
1215 1128 1410 1171 pervenire¹
1434 1124 1472 1161 et
1486 1129 1622 1161 illorum
1636 1127 1688 1160 fa-

1028 1188 1144 1210 vorem
1171 1188 1212 1210 ac
1232 1178 1474 1210 liberalitatem
1490 1186 1605 1211 emere
1618 1187 1687 1210 uon

1029 1228 1178 1269 cujusvis
1204 1237 1302 1260 esse:
1325 1222 1363 1260 et
1388 1232 1518 1270 quanta
1542 1228 1588 1259 sit
1613 1232 1687 1260 arte

1029 1289 1114 1319 opus
1129 1279 1191 1310 hac
1206 1279 1240 1310 in
1257 1288 1307 1315 re,
1323 1278 1438 1310 docet.

1028 1329 1137 1360 Scaeva
1150 1338 1354 1369 ,cognomen
1389 1328 1570 1360 Juniorum
1604 1326 1687 1369 fuit,

986 1381 1073 1409 teste
1094 1378 1201 1417 Livio,
1216 1378 1306 1409 sicut
1320 1382 1356 1409 et
1371 1378 1578 1418 Cassiorum,
1595 1379 1687 1410 inter

985 1437 1069 1469 quos
1086 1427 1222 1459 Cassius
1241 1427 1299 1459 ille
1311 1428 1445 1469 Scaeva,
1464 1428 1611 1460 Caesaris
1625 1429 1689 1460 mi·

984 1478 1032 1509 les
1048 1478 1195 1509 omnium
1210 1476 1438 1517 fortissimus;
1460 1477 1505 1509 de
1518 1486 1587 1519 quo
1602 1477 1688 1509 Plu-

985 1527 1137 1567 tarchus,
1172 1527 1366 1562 Suetonius,
1396 1531 1433 1558 et
1464 1526 1534 1558 alii.
1594 1526 1687 1559 Hinc

985 1586 1087 1618 porro
1114 1576 1351 1617 ὑποκοριστικὸν
1374 1577 1528 1608 Scaevola
1552 1576 1687 1608 Mucio·

985 1636 1070 1662 rum,
1086 1627 1138 1658 uti
1153 1632 1190 1659 et
1203 1627 1356 1659 Scaevius
1369 1627 1574 1658 Flaviorum.
1599 1627 1687 1668 Cog-

984 1677 1128 1708 nominis
1154 1681 1266 1708 antem
1289 1676 1387 1717 hujus
1412 1677 1507 1716 origo
1530 1677 1685 1709 incerta:

985 1725 1092 1757 σκαιὸν
1106 1726 1222 1758 Graeci
1245 1726 1409 1757 sinistrum
1427 1731 1571 1758 vocant:
1595 1725 1687 1758 unde

985 1776 1115 1808 Latinis
1137 1786 1237 1808 scoeva
1262 1785 1325 1817 pro
1351 1776 1514 1815 sinistsa3
1536 1772 1688 1817 qna'qui

986 1825 1093 1865 magis
1117 1818 1217 1866 quam
1237 1825 1363 1856 dextra
1377 1833 1478 1856 mauu
1493 1829 1688 1862 uterentur,

986 1874 1108 1915 quibus
1125 1873 1196 1904 dixi
1208 1872 1399 1905 nominibus
1410 1874 1600 1914 appellatos
1614 1875 1688 1915 ple·

986 1924 1082 1964 rique
1097 1924 1224 1954 volunt.
1254 1923 1322 1954 Alii
1336 1926 1549 1964 μεταφορικῶς
1560 1924 1602 1955 ad
1616 1934 1687 1956 mo-

986 1982 1040 2004 res
1057 1977 1092 2003 et
1106 1973 1278 2012 ingenium
1295 1971 1470 2012 referuut3
1493 1974 1544 2004 sic
1560 1978 1597 2004 et
1610 1974 1685 2005 1„ae-

986 2021 1080 2053 viuos
1091 2022 1350 2062 cognominatos
1358 2022 1466 2054 videri
1477 2023 1685 2066 scripsimus,

984 2079 1010 2101 ι.
1032 2071 1106 2102 Sat.
1121 2073 1154 2102 6.
1179 2070 1320 2103 roi-rent.

1027 2122 1044 2151 1
1065 2121 1128 2152 Per
1143 2123 1174 2152 te
1189 2121 1249 2152 tibi
1262 2121 1412 2162 emulis]
1434 2122 1601 2156 Quamvis
1611 2122 1685 2156 siue

983 2170 1123 2201 alterins
1139 2170 1281 2201 consilio
1297 2171 1361 2203 tibi
1377 2171 1502 2213 sapias.

1026 2223 1047 2252 2
1063 2219 1241 2259 Maioribus
1252 2221 1315 2262 ati]
1340 2221 1425 2253 Cum
1438 2221 1624 2263 majoribus
1635 2221 1688 2268 '¹1

985 2280 1065 2302 vere
1080 2275 1116 2301 et
1132 2270 1271 2313 yersari.

1026 2322 1045 2350 3
1067 2319 1244 2359 Amic-ulus]
1289 2320 1364 2360 Ego
1399 2313 1576 2357 Horatius,
1604 2324 1682 2352 tuus

984 2369 1124 2401 amicus.
1172 2369 1217 2400 Ue
1240 2368 1270 2400 si
1299 2369 1422 2409 Cam]
1451 2369 1594 2402 Etiamsi
1615 2367 1683 2402 coe-

983 2428 1057 2458 cus,
1072 2420 1137 2451 διο.

1024 2471 1046 2499 4
1070 2468 1181 2499 Cacus
1199 2468 1278 2510 iter]
1317 2467 1480 2500 Refertur
1493 2469 1528 2501 iu
1543 2478 1684 2510 prover·

981 2517 1068 2549 biis:
1094 2516 1183 2556 Μήτε
1203 2517 1327 2559 τυφλὸν
1348 2517 1476 2559 ὁδηγὸν,
1495 2517 1576 2558 μήτε
1589 2518 1682 2558 ἀνόη-

981 2578 1039 2598 τον
1059 2566 1250 2609 σύμβουλον,
1273 2568 1383 2609 Neque
1403 2578 1519 2600 cecum
1539 2568 1599 2600 viae
1625 2561 1686 2601 ciss-v

982 2627 1058 2658 cem,
1070 2628 1165 2659 neque
1178 2621 1332 2650 umentem
1344 2619 1563 2656 consultorem5
1574 2628 1681 2660 quare

983 2668 1037 2699 vel
1064 2668 1237 2700 modestiae
1262 2678 1381 2700 caussa
1405 2669 1470 2701 boc
1497 2668 1681 2701 ait·Hora-

983 2716 1063 2756 tius,
1094 2718 1146 2748 vel
1174 2717 1426 2749 dissimulanter
1452 2717 1577 2758 potius,
1606 2717 1678 2757 eJus

983 2766 1044 2808 rei,
1069 2776 1170 2808 quam
1195 2766 1248 2800 hic
1271 2770 1411 2808 tractat,
1426 2767 1573 2800 omnium
1588 2765 1677 2807 pori·
