<?xml version="1.0" encoding="UTF-8"?>
<!DOCTYPE html PUBLIC "-//W3C//DTD XHTML 1.0 Transitional//EN"
    "http://www.w3.org/TR/xhtml1/DTD/xhtml1-transitional.dtd">
<html xmlns="http://www.w3.org/1999/xhtml" xml:lang="en" lang="en">
 <head>
  <title>
</title>
<meta http-equiv="Content-Type" content="text/html;charset=utf-8" />
  <meta name='ocr-system' content='tesseract 3.04.00' />
  <meta name='ocr-capabilities' content='ocr_page ocr_carea ocr_par ocr_line ocrx_word'/>
</head>
<body>
  <div class='ocr_page' id='page_1' title='image "./operaomnia04horauoft/operaomnia04horauoft_0043.png"; bbox 0 0 1858 3184; ppageno 0'>
   <div class='ocr_carea' id='block_1_1' title="bbox 447 234 1304 294">
    <p class='ocr_par' dir='ltr' id='par_1_1' title="bbox 447 234 1304 294">
     <span class='ocr_line' id='line_1_1' title="bbox 447 234 1304 294; baseline -0.006 -4"><span class='ocrx_word' id='word_1_1' title='bbox 447 258 658 289; x_wconf 77' lang='lat' dir='ltr'>HoRA&#39;rn</span> <span class='ocrx_word' id='word_1_2' title='bbox 692 256 1040 294; x_wconf 31' lang='lat' dir='ltr'>ssssrls&#39;ronanum</span> <span class='ocrx_word' id='word_1_3' title='bbox 1075 234 1170 285; x_wconf 68' lang='lat' dir='ltr'>mu.</span> <span class='ocrx_word' id='word_1_4' title='bbox 1203 257 1232 286; x_wconf 87' lang='lat' dir='ltr'>l.</span> <span class='ocrx_word' id='word_1_5' title='bbox 1261 248 1304 288; x_wconf 83' lang='grc'>7.</span> 
     </span>
    </p>
   </div>
   <div class='ocr_carea' id='block_1_2' title="bbox 133 349 841 641">
    <p class='ocr_par' dir='ltr' id='par_1_2' title="bbox 133 349 841 641">
     <span class='ocr_line' id='line_1_2' title="bbox 147 349 838 392; baseline -0.004 -8"><span class='ocrx_word' id='word_1_6' title='bbox 147 350 288 384; x_wconf 70' lang='lat' dir='ltr'>auarum</span> <span class='ocrx_word' id='word_1_7' title='bbox 311 350 450 384; x_wconf 80' lang='lat' dir='ltr'>donatio</span> <span class='ocrx_word' id='word_1_8' title='bbox 466 357 602 392; x_wconf 76' lang='lat' dir='ltr'>semper</span> <span class='ocrx_word' id='word_1_9' title='bbox 624 349 713 391; x_wconf 77' lang='lat' dir='ltr'>parit</span> <span class='ocrx_word' id='word_1_10' title='bbox 726 350 838 391; x_wconf 74' lang='lat' dir='ltr'>ingra-</span> 
     </span>
     <span class='ocr_line' id='line_1_3' title="bbox 148 406 840 491; baseline -0.004 -8"><span class='ocrx_word' id='word_1_11' title='bbox 148 406 232 483; x_wconf 51' lang='lat'>1⁰3²</span> <span class='ocrx_word' id='word_1_12' title='bbox 256 451 378 491; x_wconf 63' lang='lat' dir='ltr'>Digni:</span> <span class='ocrx_word' id='word_1_13' title='bbox 390 450 439 483; x_wconf 74' lang='lat' dir='ltr'>uit</span> <span class='ocrx_word' id='word_1_14' title='bbox 450 458 512 481; x_wconf 69' lang='lat' dir='ltr'>me</span> <span class='ocrx_word' id='word_1_15' title='bbox 524 449 684 491; x_wconf 70' lang='lat' dir='ltr'>paratam]</span> <span class='ocrx_word' id='word_1_16' title='bbox 708 449 760 481; x_wconf 76' lang='lat' dir='ltr'>Ex</span> <span class='ocrx_word' id='word_1_17' title='bbox 776 448 840 481; x_wconf 80' lang='lat' dir='ltr'>Ca-</span> 
     </span>
     <span class='ocr_line' id='line_1_4' title="bbox 148 499 840 541; baseline -0.004 -8"><span class='ocrx_word' id='word_1_18' title='bbox 148 501 231 534; x_wconf 75' lang='lat' dir='ltr'>risio</span> <span class='ocrx_word' id='word_1_19' title='bbox 251 499 483 534; x_wconf 67' lang='lat' dir='ltr'><strong>Grammatico</strong></span> <span class='ocrx_word' id='word_1_20' title='bbox 505 502 635 541; x_wconf 64' lang='lat' dir='ltr'>,mm-⁸</span> <span class='ocrx_word' id='word_1_21' title='bbox 658 499 840 540; x_wconf 72' lang='lat' dir='ltr'>legendnm</span> 
     </span>
     <span class='ocr_line' id='line_1_5' title="bbox 133 548 841 593; baseline -0.004 -10"><span class='ocrx_word' id='word_1_22' title='bbox 133 559 224 583; x_wconf 76' lang='lat' dir='ltr'>esse</span> <span class='ocrx_word' id='word_1_23' title='bbox 239 550 364 593; x_wconf 79' lang='lat' dir='ltr'>primus</span> <span class='ocrx_word' id='word_1_24' title='bbox 381 558 442 582; x_wconf 87' lang='lat' dir='ltr'>uos</span> <span class='ocrx_word' id='word_1_25' title='bbox 457 549 632 582; x_wconf 74' lang='lat' dir='ltr'>admonuit</span> <span class='ocrx_word' id='word_1_26' title='bbox 644 548 739 582; x_wconf 79' lang='lat' dir='ltr'>Guil.</span> <span class='ocrx_word' id='word_1_27' title='bbox 752 549 841 581; x_wconf 79' lang='lat' dir='ltr'>Cau-</span> 
     </span>
     <span class='ocr_line' id='line_1_6' title="bbox 150 598 840 641; baseline -0.003 -8"><span class='ocrx_word' id='word_1_28' title='bbox 150 607 245 634; x_wconf 79' lang='lat' dir='ltr'>tetus</span> <span class='ocrx_word' id='word_1_29' title='bbox 265 600 356 633; x_wconf 82' lang='lat' dir='ltr'>Nov.</span> <span class='ocrx_word' id='word_1_30' title='bbox 373 599 470 632; x_wconf 77' lang='lat' dir='ltr'>Lect-</span> <span class='ocrx_word' id='word_1_31' title='bbox 482 609 534 632; x_wconf 82' lang='lat' dir='ltr'>vr.</span> <span class='ocrx_word' id='word_1_32' title='bbox 553 604 657 641; x_wconf 81' lang='lat' dir='ltr'>atque</span> <span class='ocrx_word' id='word_1_33' title='bbox 679 599 728 630; x_wconf 76' lang='lat' dir='ltr'>ita</span> <span class='ocrx_word' id='word_1_34' title='bbox 743 598 840 639; x_wconf 72' lang='lat' dir='ltr'>Virg-</span> 
     </span>
    </p>
   </div>
   <div class='ocr_carea' id='block_1_3' title="bbox 1475 248 1588 295">
    <p class='ocr_par' dir='ltr' id='par_1_3' title="bbox 1475 248 1588 295">
     <span class='ocr_line' id='line_1_7' title="bbox 1475 248 1588 295; baseline 0.062 -6"><span class='ocrx_word' id='word_1_35' title='bbox 1475 248 1588 295; x_wconf 75' lang='lat'><strong>1⁷93</strong></span> 
     </span>
    </p>
   </div>
   <div class='ocr_carea' id='block_1_4' title="bbox 889 347 1594 639">
    <p class='ocr_par' dir='ltr' id='par_1_4' title="bbox 889 347 1592 531">
     <span class='ocr_line' id='line_1_8' title="bbox 889 347 1591 390; baseline -0.001 -10"><span class='ocrx_word' id='word_1_36' title='bbox 889 348 971 390; x_wconf 77' lang='lat' dir='ltr'>ligo.</span> <span class='ocrx_word' id='word_1_37' title='bbox 987 347 1048 380; x_wconf 81' lang='lat' dir='ltr'>sod</span> <span class='ocrx_word' id='word_1_38' title='bbox 1075 352 1226 381; x_wconf 74' lang='lat' dir='ltr'>teneram</span> <span class='ocrx_word' id='word_1_39' title='bbox 1251 357 1291 381; x_wconf 82' lang='lat' dir='ltr'>ac</span> <span class='ocrx_word' id='word_1_40' title='bbox 1313 348 1438 390; x_wconf 75' lang='lat' dir='ltr'>levem,</span> <span class='ocrx_word' id='word_1_41' title='bbox 1451 358 1515 381; x_wconf 84' lang='lat' dir='ltr'>nec</span> <span class='ocrx_word' id='word_1_42' title='bbox 1535 358 1591 383; x_wconf 85' lang='lat' dir='ltr'>ru..</span> 
     </span>
     <span class='ocr_line' id='line_1_9' title="bbox 890 395 1592 440; baseline -0.001 -12"><span class='ocrx_word' id='word_1_43' title='bbox 890 398 943 438; x_wconf 74' lang='lat' dir='ltr'>gis</span> <span class='ocrx_word' id='word_1_44' title='bbox 957 397 1132 440; x_wconf 78' lang='lat' dir='ltr'>uaevisque</span> <span class='ocrx_word' id='word_1_45' title='bbox 1146 407 1317 439; x_wconf 78' lang='lat' dir='ltr'>asperam,</span> <span class='ocrx_word' id='word_1_46' title='bbox 1330 402 1367 430; x_wconf 83' lang='lat' dir='ltr'>ut</span> <span class='ocrx_word' id='word_1_47' title='bbox 1382 395 1506 429; x_wconf 69' lang='grc' dir='ltr'>ἁπαλὸν</span> <span class='ocrx_word' id='word_1_48' title='bbox 1518 399 1592 438; x_wconf 61' lang='grc' dir='ltr'>μέγ.</span> 
     </span>
     <span class='ocr_line' id='line_1_10' title="bbox 889 447 1590 490; baseline 0.003 -12"><span class='ocrx_word' id='word_1_49' title='bbox 889 458 972 479; x_wconf 67' lang='grc' dir='ltr'>υτον</span> <span class='ocrx_word' id='word_1_50' title='bbox 1008 457 1114 488; x_wconf 87' lang='lat' dir='ltr'>puero</span> <span class='ocrx_word' id='word_1_51' title='bbox 1144 457 1206 480; x_wconf 83' lang='lat' dir='ltr'>suo</span> <span class='ocrx_word' id='word_1_52' title='bbox 1234 447 1326 490; x_wconf 70' lang='lat' dir='ltr'>pingi</span> <span class='ocrx_word' id='word_1_53' title='bbox 1351 448 1467 489; x_wconf 82' lang='lat' dir='ltr'>poscit</span> <span class='ocrx_word' id='word_1_54' title='bbox 1496 448 1590 480; x_wconf 78' lang='lat' dir='ltr'>Aua-</span> 
     </span>
     <span class='ocr_line' id='line_1_11' title="bbox 889 498 1166 531; baseline 0.007 -2"><span class='ocrx_word' id='word_1_55' title='bbox 889 503 1005 530; x_wconf 80' lang='lat' dir='ltr'>crcon.</span> <span class='ocrx_word' id='word_1_56' title='bbox 1021 498 1166 531; x_wconf 66' lang='lat' dir='ltr'>roo-rent.</span> 
     </span>
    </p>

    <p class='ocr_par' dir='ltr' id='par_1_5' title="bbox 890 548 1594 639">
     <span class='ocr_line' id='line_1_12' title="bbox 931 548 1591 590; baseline 0.002 -11"><span class='ocrx_word' id='word_1_57' title='bbox 931 550 974 579; x_wconf 77' lang='lat'>28</span> <span class='ocrx_word' id='word_1_58' title='bbox 997 548 1087 580; x_wconf 78' lang='lat' dir='ltr'>Inter</span> <span class='ocrx_word' id='word_1_59' title='bbox 1101 549 1192 590; x_wconf 75' lang='lat' dir='ltr'>vina]</span> <span class='ocrx_word' id='word_1_60' title='bbox 1219 548 1356 581; x_wconf 77' lang='lat' dir='ltr'>Reddcs</span> <span class='ocrx_word' id='word_1_61' title='bbox 1379 553 1518 580; x_wconf 78' lang='lat' dir='ltr'>aetatem</span> <span class='ocrx_word' id='word_1_62' title='bbox 1547 548 1591 580; x_wconf 80' lang='lat' dir='ltr'>ad</span> 
     </span>
     <span class='ocr_line' id='line_1_13' title="bbox 890 597 1594 639; baseline 0.001 -10"><span class='ocrx_word' id='word_1_63' title='bbox 890 597 1048 629; x_wconf 73' lang='lat' dir='ltr'>levitates</span> <span class='ocrx_word' id='word_1_64' title='bbox 1083 599 1268 630; x_wconf 86' lang='lat' dir='ltr'>amatorias</span> <span class='ocrx_word' id='word_1_65' title='bbox 1304 603 1434 639; x_wconf 79' lang='lat' dir='ltr'>aptum.</span> <span class='ocrx_word' id='word_1_66' title='bbox 1457 599 1594 631; x_wconf 77' lang='lat' dir='ltr'>Moerere</span> 
     </span>
    </p>
   </div>
   <div class='ocr_carea' id='block_1_5' title="bbox 148 647 1592 744">
    <p class='ocr_par' dir='ltr' id='par_1_6' title="bbox 148 647 1592 744">
     <span class='ocr_line' id='line_1_14' title="bbox 148 647 1592 691; baseline -0.002 -7"><span class='ocrx_word' id='word_1_67' title='bbox 148 657 158 672; x_wconf 81' lang='lat'>⁸</span> <span class='ocrx_word' id='word_1_68' title='bbox 173 651 288 684; x_wconf 80' lang='lat' dir='ltr'>Sensit</span> <span class='ocrx_word' id='word_1_69' title='bbox 310 650 439 682; x_wconf 77' lang='lat' dir='ltr'>medios</span> <span class='ocrx_word' id='word_1_70' title='bbox 463 648 620 689; x_wconf 79' lang='lat' dir='ltr'>delapsus</span> <span class='ocrx_word' id='word_1_71' title='bbox 635 649 670 680; x_wconf 89' lang='lat' dir='ltr'>in</span> <span class='ocrx_word' id='word_1_72' title='bbox 690 647 807 680; x_wconf 73' lang='lat' dir='ltr'>hostes</span> <span class='ocrx_word' id='word_1_73' title='bbox 817 647 840 688; x_wconf 76' lang='grc' dir='ltr'>ς’</span> <span class='ocrx_word' id='word_1_74' title='bbox 885 647 1055 689; x_wconf 72' lang='lat' dir='ltr'>proter-tce]</span> <span class='ocrx_word' id='word_1_75' title='bbox 1076 647 1200 690; x_wconf 81' lang='lat' dir='ltr'>Inique</span> <span class='ocrx_word' id='word_1_76' title='bbox 1228 650 1341 681; x_wconf 85' lang='lat' dir='ltr'>animo</span> <span class='ocrx_word' id='word_1_77' title='bbox 1367 648 1471 690; x_wconf 81' lang='lat' dir='ltr'>ferre,</span> <span class='ocrx_word' id='word_1_78' title='bbox 1502 648 1592 691; x_wconf 83' lang='lat' dir='ltr'>quod</span> 
     </span>
     <span class='ocr_line' id='line_1_15' title="bbox 150 698 1400 744; baseline -0.003 -9"><span class='ocrx_word' id='word_1_79' title='bbox 150 712 212 744; x_wconf 87' lang='lat' dir='ltr'>pro</span> <span class='ocrx_word' id='word_1_80' title='bbox 222 701 326 735; x_wconf 78' lang='lat' dir='ltr'>sensit</span> <span class='ocrx_word' id='word_1_81' title='bbox 337 699 569 741; x_wconf 80' lang='lat' dir='ltr'>sedclapsum.</span> <span class='ocrx_word' id='word_1_82' title='bbox 588 699 731 732; x_wconf 75' lang='lat' dir='ltr'>Tor-rent.</span> <span class='ocrx_word' id='word_1_83' title='bbox 756 699 841 740; x_wconf 71' lang='lat' dir='ltr'>Dig-</span> <span class='ocrx_word' id='word_1_84' title='bbox 883 698 1058 740; x_wconf 78' lang='lat' dir='ltr'>juvenem,</span> <span class='ocrx_word' id='word_1_85' title='bbox 1072 707 1139 730; x_wconf 87' lang='lat' dir='ltr'>non</span> <span class='ocrx_word' id='word_1_86' title='bbox 1153 704 1271 730; x_wconf 77' lang='lat' dir='ltr'>senem</span> <span class='ocrx_word' id='word_1_87' title='bbox 1286 698 1400 731; x_wconf 84' lang='lat' dir='ltr'>decet.</span> 
     </span>
    </p>
   </div>
   <div class='ocr_carea' id='block_1_6' title="bbox 135 748 860 2825">
    <p class='ocr_par' dir='ltr' id='par_1_7' title="bbox 147 748 842 840">
     <span class='ocr_line' id='line_1_16' title="bbox 147 748 842 791; baseline -0.004 -7"><span class='ocrx_word' id='word_1_88' title='bbox 147 752 199 784; x_wconf 72' lang='lat' dir='ltr'>nia</span> <span class='ocrx_word' id='word_1_89' title='bbox 209 749 334 783; x_wconf 63' lang='lat' dir='ltr'>anan</span> <span class='ocrx_word' id='word_1_90' title='bbox 345 749 506 791; x_wconf 71' lang='lat' dir='ltr'>paralum]</span> <span class='ocrx_word' id='word_1_91' title='bbox 530 748 624 781; x_wconf 80' lang='lat' dir='ltr'><strong>Dicit</strong></span> <span class='ocrx_word' id='word_1_92' title='bbox 638 758 676 781; x_wconf 74' lang='lat' dir='ltr'>sc</span> <span class='ocrx_word' id='word_1_93' title='bbox 689 749 767 782; x_wconf 78' lang='lat' dir='ltr'>viris</span> <span class='ocrx_word' id='word_1_94' title='bbox 784 749 842 781; x_wconf 88' lang='lat' dir='ltr'>bo-</span> 
     </span>
     <span class='ocr_line' id='line_1_17' title="bbox 147 801 476 840; baseline -0.009 -7"><span class='ocrx_word' id='word_1_95' title='bbox 147 801 201 840; x_wconf 73' lang='lat' dir='ltr'>nis</span> <span class='ocrx_word' id='word_1_96' title='bbox 213 809 290 832; x_wconf 73' lang='lat' dir='ltr'>esse</span> <span class='ocrx_word' id='word_1_97' title='bbox 305 802 476 840; x_wconf 75' lang='lat' dir='ltr'>peretum.</span> 
     </span>
    </p>

    <p class='ocr_par' dir='ltr' id='par_1_8' title="bbox 135 847 850 1678">
     <span class='ocr_line' id='line_1_18' title="bbox 188 847 844 890; baseline -0.002 -9"><span class='ocrx_word' id='word_1_98' title='bbox 188 851 231 881; x_wconf 72' lang='lat'>2⁸</span> <span class='ocrx_word' id='word_1_99' title='bbox 255 849 342 886; x_wconf 68' lang='lat' dir='ltr'>Quid</span> <span class='ocrx_word' id='word_1_100' title='bbox 365 848 483 880; x_wconf 76' lang='lat' dir='ltr'>distent</span> <span class='ocrx_word' id='word_1_101' title='bbox 507 857 573 880; x_wconf 80' lang='lat' dir='ltr'>oera</span> <span class='ocrx_word' id='word_1_102' title='bbox 596 847 728 890; x_wconf 70' lang='lat' dir='ltr'>lupinis]</span> <span class='ocrx_word' id='word_1_103' title='bbox 750 848 844 880; x_wconf 79' lang='lat' dir='ltr'>Nota</span> 
     </span>
     <span class='ocr_line' id='line_1_19' title="bbox 145 896 842 940; baseline -0.003 -8"><span class='ocrx_word' id='word_1_104' title='bbox 145 896 254 939; x_wconf 79' lang='lat' dir='ltr'>lupini</span> <span class='ocrx_word' id='word_1_105' title='bbox 279 898 458 939; x_wconf 76' lang='lat' dir='ltr'>leguminis</span> <span class='ocrx_word' id='word_1_106' title='bbox 482 898 608 939; x_wconf 83' lang='lat' dir='ltr'>vilitas,</span> <span class='ocrx_word' id='word_1_107' title='bbox 631 907 699 940; x_wconf 88' lang='lat' dir='ltr'>quo</span> <span class='ocrx_word' id='word_1_108' title='bbox 723 899 842 940; x_wconf 80' lang='lat' dir='ltr'>Cynici</span> 
     </span>
     <span class='ocr_line' id='line_1_20' title="bbox 146 948 843 990; baseline -0.003 -9"><span class='ocrx_word' id='word_1_109' title='bbox 146 948 219 982; x_wconf 77' lang='lat' dir='ltr'>fere</span> <span class='ocrx_word' id='word_1_110' title='bbox 241 948 479 981; x_wconf 82' lang='lat' dir='ltr'>vescebantur.</span> <span class='ocrx_word' id='word_1_111' title='bbox 520 948 677 980; x_wconf 73' lang='lat' dir='ltr'>Andreas</span> <span class='ocrx_word' id='word_1_112' title='bbox 706 948 843 990; x_wconf 88' lang='lat' dir='ltr'>quidem</span> 
     </span>
     <span class='ocr_line' id='line_1_21' title="bbox 147 998 844 1041; baseline -0.003 -10"><span class='ocrx_word' id='word_1_113' title='bbox 147 998 304 1031; x_wconf 80' lang='lat' dir='ltr'>Alclatus</span> <span class='ocrx_word' id='word_1_114' title='bbox 326 999 505 1041; x_wconf 74' lang='lat' dir='ltr'>Parergoen</span> <span class='ocrx_word' id='word_1_115' title='bbox 521 998 581 1030; x_wconf 89' lang='lat' dir='ltr'>lib.</span> <span class='ocrx_word' id='word_1_116' title='bbox 598 1007 665 1030; x_wconf 82' lang='lat' dir='ltr'>vu.</span> <span class='ocrx_word' id='word_1_117' title='bbox 682 1007 844 1039; x_wconf 84' lang='lat' dir='ltr'>naporum</span> 
     </span>
     <span class='ocr_line' id='line_1_22' title="bbox 147 1048 845 1090; baseline 0 -10"><span class='ocrx_word' id='word_1_118' title='bbox 147 1048 278 1089; x_wconf 83' lang='lat' dir='ltr'>rotulis,</span> <span class='ocrx_word' id='word_1_119' title='bbox 299 1053 339 1081; x_wconf 87' lang='lat' dir='ltr'>ut</span> <span class='ocrx_word' id='word_1_120' title='bbox 360 1049 434 1090; x_wconf 83' lang='lat' dir='ltr'>ipse</span> <span class='ocrx_word' id='word_1_121' title='bbox 459 1052 575 1088; x_wconf 84' lang='lat' dir='ltr'>vocat,</span> <span class='ocrx_word' id='word_1_122' title='bbox 590 1048 770 1081; x_wconf 83' lang='lat' dir='ltr'>Comoedos</span> <span class='ocrx_word' id='word_1_123' title='bbox 794 1049 845 1080; x_wconf 85' lang='grc' dir='ltr'>ιιιί</span> 
     </span>
     <span class='ocr_line' id='line_1_23' title="bbox 148 1098 846 1141; baseline -0.001 -10"><span class='ocrx_word' id='word_1_124' title='bbox 148 1100 258 1132; x_wconf 80' lang='lat' dir='ltr'>solere</span> <span class='ocrx_word' id='word_1_125' title='bbox 284 1108 345 1141; x_wconf 87' lang='lat' dir='ltr'>pro</span> <span class='ocrx_word' id='word_1_126' title='bbox 369 1108 451 1131; x_wconf 76' lang='lat' dir='ltr'>aiii-o</span> <span class='ocrx_word' id='word_1_127' title='bbox 472 1098 587 1131; x_wconf 84' lang='lat' dir='ltr'>tradit.</span> <span class='ocrx_word' id='word_1_128' title='bbox 631 1098 757 1130; x_wconf 86' lang='lat' dir='ltr'>Verum</span> <span class='ocrx_word' id='word_1_129' title='bbox 780 1108 846 1140; x_wconf 77' lang='lat' dir='ltr'>ego</span> 
     </span>
     <span class='ocr_line' id='line_1_24' title="bbox 147 1148 846 1190; baseline -0.001 -10"><span class='ocrx_word' id='word_1_130' title='bbox 147 1149 281 1181; x_wconf 78' lang='lat' dir='ltr'>illorum</span> <span class='ocrx_word' id='word_1_131' title='bbox 309 1149 422 1190; x_wconf 85' lang='lat' dir='ltr'>potius</span> <span class='ocrx_word' id='word_1_132' title='bbox 448 1149 627 1180; x_wconf 64' lang='lat' dir='ltr'>sententiae</span> <span class='ocrx_word' id='word_1_133' title='bbox 657 1148 846 1185; x_wconf 83' lang='lat' dir='ltr'>subscribo,</span> 
     </span>
     <span class='ocr_line' id='line_1_25' title="bbox 149 1198 845 1242; baseline 0.001 -13"><span class='ocrx_word' id='word_1_134' title='bbox 149 1198 207 1239; x_wconf 80' lang='lat' dir='ltr'>qui</span> <span class='ocrx_word' id='word_1_135' title='bbox 227 1199 342 1240; x_wconf 79' lang='lat' dir='ltr'>lupina</span> <span class='ocrx_word' id='word_1_136' title='bbox 363 1207 541 1230; x_wconf 80' lang='lat' dir='ltr'>aureorum</span> <span class='ocrx_word' id='word_1_137' title='bbox 563 1199 596 1230; x_wconf 85' lang='lat' dir='ltr'>in</span> <span class='ocrx_word' id='word_1_138' title='bbox 619 1207 722 1230; x_wconf 80' lang='lat' dir='ltr'>scena</span> <span class='ocrx_word' id='word_1_139' title='bbox 738 1199 845 1242; x_wconf 74' lang='lat' dir='ltr'>vicem</span> 
     </span>
     <span class='ocr_line' id='line_1_26' title="bbox 150 1247 848 1280; baseline 0.003 -2"><span class='ocrx_word' id='word_1_140' title='bbox 150 1247 293 1280; x_wconf 74' lang='lat' dir='ltr'>subiisse</span> <span class='ocrx_word' id='word_1_141' title='bbox 322 1248 458 1280; x_wconf 84' lang='lat' dir='ltr'>volunt:</span> <span class='ocrx_word' id='word_1_142' title='bbox 488 1252 524 1280; x_wconf 87' lang='lat' dir='ltr'>et</span> <span class='ocrx_word' id='word_1_143' title='bbox 550 1249 665 1280; x_wconf 89' lang='lat' dir='ltr'>colore</span> <span class='ocrx_word' id='word_1_144' title='bbox 691 1248 780 1280; x_wconf 85' lang='lat' dir='ltr'>euim</span> <span class='ocrx_word' id='word_1_145' title='bbox 810 1253 848 1280; x_wconf 89' lang='lat' dir='ltr'>et</span> 
     </span>
     <span class='ocr_line' id='line_1_27' title="bbox 148 1295 846 1338; baseline 0 -10"><span class='ocrx_word' id='word_1_146' title='bbox 148 1297 225 1338; x_wconf 78' lang='lat' dir='ltr'>ipsa</span> <span class='ocrx_word' id='word_1_147' title='bbox 239 1295 350 1328; x_wconf 78' lang='lat' dir='ltr'>forma</span> <span class='ocrx_word' id='word_1_148' title='bbox 364 1306 446 1328; x_wconf 89' lang='lat' dir='ltr'>auro</span> <span class='ocrx_word' id='word_1_149' title='bbox 461 1297 596 1338; x_wconf 73' lang='lat' dir='ltr'>signato</span> <span class='ocrx_word' id='word_1_150' title='bbox 620 1298 775 1338; x_wconf 78' lang='lat' dir='ltr'>proxime</span> <span class='ocrx_word' id='word_1_151' title='bbox 793 1307 846 1329; x_wconf 78' lang='lat' dir='ltr'>nc-</span> 
     </span>
     <span class='ocr_line' id='line_1_28' title="bbox 149 1346 846 1388; baseline 0.001 -10"><span class='ocrx_word' id='word_1_152' title='bbox 149 1346 299 1378; x_wconf 76' lang='lat' dir='ltr'>cedunt:</span> <span class='ocrx_word' id='word_1_153' title='bbox 321 1351 359 1379; x_wconf 86' lang='lat' dir='ltr'>ot</span> <span class='ocrx_word' id='word_1_154' title='bbox 387 1355 477 1379; x_wconf 84' lang='lat' dir='ltr'>nunc</span> <span class='ocrx_word' id='word_1_155' title='bbox 509 1355 641 1388; x_wconf 87' lang='lat' dir='ltr'>quoque</span> <span class='ocrx_word' id='word_1_156' title='bbox 678 1347 712 1378; x_wconf 87' lang='lat' dir='ltr'>in</span> <span class='ocrx_word' id='word_1_157' title='bbox 742 1347 846 1379; x_wconf 76' lang='lat' dir='ltr'>Italia</span> 
     </span>
     <span class='ocr_line' id='line_1_29' title="bbox 135 1394 847 1437; baseline 0.003 -11"><span class='ocrx_word' id='word_1_158' title='bbox 135 1394 321 1436; x_wconf 77' lang='lat' dir='ltr'>pascendo</span> <span class='ocrx_word' id='word_1_159' title='bbox 337 1395 452 1437; x_wconf 88' lang='lat' dir='ltr'>pecori</span> <span class='ocrx_word' id='word_1_160' title='bbox 474 1395 547 1437; x_wconf 84' lang='lat' dir='ltr'>ejus</span> <span class='ocrx_word' id='word_1_161' title='bbox 567 1395 745 1436; x_wconf 74' lang='lat' dir='ltr'>leguminis</span> <span class='ocrx_word' id='word_1_162' title='bbox 766 1406 847 1428; x_wconf 88' lang='lat' dir='ltr'>usus</span> 
     </span>
     <span class='ocr_line' id='line_1_30' title="bbox 149 1445 849 1480; baseline 0.003 -3"><span class='ocrx_word' id='word_1_163' title='bbox 149 1450 214 1478; x_wconf 76' lang='lat' dir='ltr'>est.</span> <span class='ocrx_word' id='word_1_164' title='bbox 234 1445 389 1478; x_wconf 75' lang='lat' dir='ltr'>Turneb.</span> <span class='ocrx_word' id='word_1_165' title='bbox 404 1455 429 1478; x_wconf 87' lang='lat'>1.</span> <span class='ocrx_word' id='word_1_166' title='bbox 445 1447 496 1478; x_wconf 80' lang='lat'>15.</span> <span class='ocrx_word' id='word_1_167' title='bbox 512 1451 549 1477; x_wconf 93' lang='lat' dir='ltr'>et</span> <span class='ocrx_word' id='word_1_168' title='bbox 564 1453 643 1478; x_wconf 71' lang='lat' dir='ltr'>xix.</span> <span class='ocrx_word' id='word_1_169' title='bbox 660 1449 693 1478; x_wconf 82' lang='grc'>7.</span> <span class='ocrx_word' id='word_1_170' title='bbox 708 1450 744 1478; x_wconf 85' lang='lat' dir='ltr'>et</span> <span class='ocrx_word' id='word_1_171' title='bbox 760 1455 849 1480; x_wconf 75' lang='lat' dir='ltr'><strong>xxv·</strong></span> 
     </span>
     <span class='ocr_line' id='line_1_31' title="bbox 147 1496 850 1537; baseline 0.001 -9"><span class='ocrx_word' id='word_1_172' title='bbox 147 1498 203 1528; x_wconf 70' lang='lat'>2⁹.</span> <span class='ocrx_word' id='word_1_173' title='bbox 236 1496 378 1528; x_wconf 69' lang='lat' dir='ltr'>Torrent-</span> <span class='ocrx_word' id='word_1_174' title='bbox 424 1496 509 1532; x_wconf 72' lang='lat' dir='ltr'>Quia</span> <span class='ocrx_word' id='word_1_175' title='bbox 536 1496 668 1537; x_wconf 75' lang='lat' dir='ltr'>distent]</span> <span class='ocrx_word' id='word_1_176' title='bbox 692 1497 772 1529; x_wconf 88' lang='lat' dir='ltr'>Non</span> <span class='ocrx_word' id='word_1_177' title='bbox 801 1498 850 1537; x_wconf 81' lang='lat' dir='ltr'>ig-</span> 
     </span>
     <span class='ocr_line' id='line_1_32' title="bbox 147 1545 850 1588; baseline 0.004 -12"><span class='ocrx_word' id='word_1_178' title='bbox 147 1549 247 1577; x_wconf 86' lang='lat' dir='ltr'>norat</span> <span class='ocrx_word' id='word_1_179' title='bbox 261 1555 337 1588; x_wconf 68' lang='lat' dir='ltr'>qnae</span> <span class='ocrx_word' id='word_1_180' title='bbox 354 1546 397 1577; x_wconf 88' lang='lat' dir='ltr'>sit</span> <span class='ocrx_word' id='word_1_181' title='bbox 420 1545 615 1578; x_wconf 81' lang='lat' dir='ltr'>differentia</span> <span class='ocrx_word' id='word_1_182' title='bbox 636 1546 729 1578; x_wconf 88' lang='lat' dir='ltr'>iuter</span> <span class='ocrx_word' id='word_1_183' title='bbox 745 1547 850 1579; x_wconf 84' lang='lat' dir='ltr'>bonos</span> 
     </span>
     <span class='ocr_line' id='line_1_33' title="bbox 149 1596 849 1637; baseline 0.003 -10"><span class='ocrx_word' id='word_1_184' title='bbox 149 1599 186 1627; x_wconf 82' lang='lat' dir='ltr'>et</span> <span class='ocrx_word' id='word_1_185' title='bbox 205 1597 309 1628; x_wconf 77' lang='lat' dir='ltr'>malos</span> <span class='ocrx_word' id='word_1_186' title='bbox 326 1605 493 1637; x_wconf 82' lang='lat' dir='ltr'>nummos,</span> <span class='ocrx_word' id='word_1_187' title='bbox 511 1597 544 1628; x_wconf 88' lang='lat' dir='ltr'>id</span> <span class='ocrx_word' id='word_1_188' title='bbox 560 1601 624 1633; x_wconf 84' lang='lat' dir='ltr'>est.</span> <span class='ocrx_word' id='word_1_189' title='bbox 639 1596 730 1628; x_wconf 88' lang='lat' dir='ltr'>iuter</span> <span class='ocrx_word' id='word_1_190' title='bbox 745 1597 849 1629; x_wconf 85' lang='lat' dir='ltr'>bonos</span> 
     </span>
     <span class='ocr_line' id='line_1_34' title="bbox 149 1646 482 1678; baseline 0.006 -2"><span class='ocrx_word' id='word_1_191' title='bbox 149 1649 186 1677; x_wconf 89' lang='lat' dir='ltr'>et</span> <span class='ocrx_word' id='word_1_192' title='bbox 199 1646 304 1678; x_wconf 81' lang='lat' dir='ltr'>malos</span> <span class='ocrx_word' id='word_1_193' title='bbox 317 1646 482 1678; x_wconf 84' lang='lat' dir='ltr'>homiues.</span> 
     </span>
    </p>

    <p class='ocr_par' dir='ltr' id='par_1_9' title="bbox 148 1693 853 2271">
     <span class='ocr_line' id='line_1_35' title="bbox 190 1693 850 1737; baseline 0.002 -11"><span class='ocrx_word' id='word_1_194' title='bbox 190 1696 234 1726; x_wconf 80' lang='lat'>24</span> <span class='ocrx_word' id='word_1_195' title='bbox 255 1695 399 1735; x_wconf 72' lang='lat' dir='ltr'>Dignum</span> <span class='ocrx_word' id='word_1_196' title='bbox 429 1694 600 1737; x_wconf 70' lang='lat' dir='ltr'>praeseabo]</span> <span class='ocrx_word' id='word_1_197' title='bbox 636 1693 850 1728; x_wconf 78' lang='lat' dir='ltr'>Effecturum</span> 
     </span>
     <span class='ocr_line' id='line_1_36' title="bbox 150 1743 852 1785; baseline 0.003 -10"><span class='ocrx_word' id='word_1_198' title='bbox 150 1743 286 1784; x_wconf 83' lang='lat' dir='ltr'>quidem</span> <span class='ocrx_word' id='word_1_199' title='bbox 309 1754 344 1775; x_wconf 78' lang='lat' dir='ltr'>se</span> <span class='ocrx_word' id='word_1_200' title='bbox 363 1745 543 1785; x_wconf 80' lang='lat' dir='ltr'>promittit,</span> <span class='ocrx_word' id='word_1_201' title='bbox 558 1755 601 1777; x_wconf 89' lang='lat' dir='ltr'>ne</span> <span class='ocrx_word' id='word_1_202' title='bbox 618 1746 734 1777; x_wconf 81' lang='lat' dir='ltr'>collati</span> <span class='ocrx_word' id='word_1_203' title='bbox 750 1746 852 1777; x_wconf 88' lang='lat' dir='ltr'>bene·</span> 
     </span>
     <span class='ocr_line' id='line_1_37' title="bbox 148 1792 852 1835; baseline 0.001 -11"><span class='ocrx_word' id='word_1_204' title='bbox 148 1792 218 1825; x_wconf 80' lang='lat' dir='ltr'>ficii</span> <span class='ocrx_word' id='word_1_205' title='bbox 230 1798 290 1826; x_wconf 82' lang='lat' dir='ltr'>aut</span> <span class='ocrx_word' id='word_1_206' title='bbox 302 1794 532 1826; x_wconf 69' lang='lat' dir='ltr'>Maecenatem</span> <span class='ocrx_word' id='word_1_207' title='bbox 545 1795 656 1835; x_wconf 78' lang='lat' dir='ltr'>ipsum</span> <span class='ocrx_word' id='word_1_208' title='bbox 670 1795 852 1834; x_wconf 82' lang='lat' dir='ltr'>poeniteat,</span> 
     </span>
     <span class='ocr_line' id='line_1_38' title="bbox 151 1842 853 1884; baseline 0 -11"><span class='ocrx_word' id='word_1_209' title='bbox 151 1847 210 1873; x_wconf 86' lang='lat' dir='ltr'>ant</span> <span class='ocrx_word' id='word_1_210' title='bbox 227 1843 312 1873; x_wconf 87' lang='lat' dir='ltr'>alius</span> <span class='ocrx_word' id='word_1_211' title='bbox 336 1843 502 1882; x_wconf 78' lang='lat' dir='ltr'>quispiam</span> <span class='ocrx_word' id='word_1_212' title='bbox 526 1848 696 1884; x_wconf 78' lang='lat' dir='ltr'>tamquam</span> <span class='ocrx_word' id='word_1_213' title='bbox 712 1842 853 1882; x_wconf 81' lang='lat' dir='ltr'>indigno</span> 
     </span>
     <span class='ocr_line' id='line_1_39' title="bbox 151 1891 853 1932; baseline 0 -9"><span class='ocrx_word' id='word_1_214' title='bbox 151 1891 552 1932; x_wconf 33' lang='lat' dir='ltr'>collatnmsrepreliendat</span> <span class='ocrx_word' id='word_1_215' title='bbox 565 1902 574 1922; x_wconf 89' lang='lat'>:</span> <span class='ocrx_word' id='word_1_216' title='bbox 598 1896 713 1922; x_wconf 86' lang='lat' dir='ltr'>monet</span> <span class='ocrx_word' id='word_1_217' title='bbox 724 1896 853 1926; x_wconf 80' lang='lat' dir='ltr'>tamen,</span> 
     </span>
     <span class='ocr_line' id='line_1_40' title="bbox 150 1940 851 1981; baseline 0.001 -9"><span class='ocrx_word' id='word_1_218' title='bbox 150 1946 189 1974; x_wconf 81' lang='lat' dir='ltr'>ut</span> <span class='ocrx_word' id='word_1_219' title='bbox 203 1941 399 1981; x_wconf 66' lang='lat' dir='ltr'>aetntisjism</span> <span class='ocrx_word' id='word_1_220' title='bbox 422 1940 604 1972; x_wconf 80' lang='lat' dir='ltr'>defluentis</span> <span class='ocrx_word' id='word_1_221' title='bbox 623 1941 711 1972; x_wconf 85' lang='lat' dir='ltr'>ratio</span> <span class='ocrx_word' id='word_1_222' title='bbox 725 1940 851 1973; x_wconf 83' lang='lat' dir='ltr'>habea·</span> 
     </span>
     <span class='ocr_line' id='line_1_41' title="bbox 150 1989 852 2032; baseline 0.001 -11"><span class='ocrx_word' id='word_1_223' title='bbox 150 1995 218 2022; x_wconf 83' lang='lat' dir='ltr'>tur.</span> <span class='ocrx_word' id='word_1_224' title='bbox 254 1989 397 2022; x_wconf 76' lang='lat' dir='ltr'>Torrent.</span> <span class='ocrx_word' id='word_1_225' title='bbox 442 1990 587 2029; x_wconf 73' lang='lat' dir='ltr'>Dignum</span> <span class='ocrx_word' id='word_1_226' title='bbox 618 1990 775 2032; x_wconf 70' lang='lat' dir='ltr'>prestabo</span> <span class='ocrx_word' id='word_1_227' title='bbox 802 1999 852 2022; x_wconf 76' lang='lat' dir='ltr'>me</span> 
     </span>
     <span class='ocr_line' id='line_1_42' title="bbox 148 2039 853 2083; baseline 0 -10"><span class='ocrx_word' id='word_1_228' title='bbox 148 2040 244 2073; x_wconf 67' lang='lat' dir='ltr'>etim</span> <span class='ocrx_word' id='word_1_229' title='bbox 265 2049 323 2082; x_wconf 80' lang='lat' dir='ltr'>pro</span> <span class='ocrx_word' id='word_1_230' title='bbox 343 2041 435 2073; x_wconf 74' lang='lat' dir='ltr'>laude</span> <span class='ocrx_word' id='word_1_231' title='bbox 456 2039 616 2081; x_wconf 76' lang='lat' dir='ltr'>merentis]</span> <span class='ocrx_word' id='word_1_232' title='bbox 638 2040 711 2082; x_wconf 80' lang='lat' dir='ltr'>Ego</span> <span class='ocrx_word' id='word_1_233' title='bbox 725 2041 853 2083; x_wconf 86' lang='lat' dir='ltr'>(iuquit</span> 
     </span>
     <span class='ocr_line' id='line_1_43' title="bbox 150 2088 853 2131; baseline 0.003 -10"><span class='ocrx_word' id='word_1_234' title='bbox 150 2088 335 2130; x_wconf 78' lang='lat' dir='ltr'>Horatius)</span> <span class='ocrx_word' id='word_1_235' title='bbox 364 2099 418 2121; x_wconf 89' lang='lat' dir='ltr'>me</span> <span class='ocrx_word' id='word_1_236' title='bbox 453 2095 588 2131; x_wconf 81' lang='lat' dir='ltr'>gratum</span> <span class='ocrx_word' id='word_1_237' title='bbox 617 2090 789 2131; x_wconf 78' lang='lat' dir='ltr'>praestabo</span> <span class='ocrx_word' id='word_1_238' title='bbox 815 2095 853 2123; x_wconf 84' lang='lat' dir='ltr'>et</span> 
     </span>
     <span class='ocr_line' id='line_1_44' title="bbox 150 2137 853 2181; baseline 0.003 -11"><span class='ocrx_word' id='word_1_239' title='bbox 150 2137 291 2180; x_wconf 67' lang='lat' dir='ltr'>digitum</span> <span class='ocrx_word' id='word_1_240' title='bbox 319 2140 421 2172; x_wconf 87' lang='lat' dir='ltr'>laude</span> <span class='ocrx_word' id='word_1_241' title='bbox 452 2141 691 2181; x_wconf 76' lang='lat' dir='ltr'>promerentis,</span> <span class='ocrx_word' id='word_1_242' title='bbox 723 2140 756 2172; x_wconf 86' lang='lat' dir='ltr'>id</span> <span class='ocrx_word' id='word_1_243' title='bbox 786 2145 853 2181; x_wconf 81' lang='lat' dir='ltr'>est,</span> 
     </span>
     <span class='ocr_line' id='line_1_45' title="bbox 150 2188 852 2231; baseline 0.004 -11"><span class='ocrx_word' id='word_1_244' title='bbox 150 2188 249 2221; x_wconf 73' lang='lat' dir='ltr'>laude</span> <span class='ocrx_word' id='word_1_245' title='bbox 265 2188 340 2230; x_wconf 75' lang='lat' dir='ltr'>ejus</span> <span class='ocrx_word' id='word_1_246' title='bbox 355 2189 411 2231; x_wconf 84' lang='lat' dir='ltr'>qui</span> <span class='ocrx_word' id='word_1_247' title='bbox 428 2188 592 2222; x_wconf 81' lang='lat' dir='ltr'>beneficia</span> <span class='ocrx_word' id='word_1_248' title='bbox 618 2193 672 2221; x_wconf 86' lang='lat' dir='ltr'>est</span> <span class='ocrx_word' id='word_1_249' title='bbox 687 2191 852 2231; x_wconf 85' lang='lat' dir='ltr'>promeri-</span> 
     </span>
     <span class='ocr_line' id='line_1_46' title="bbox 154 2242 223 2271; baseline 0.014 -1"><span class='ocrx_word' id='word_1_250' title='bbox 154 2242 223 2271; x_wconf 84' lang='lat' dir='ltr'>tus.</span> 
     </span>
    </p>

    <p class='ocr_par' dir='ltr' id='par_1_10' title="bbox 149 2288 853 2431">
     <span class='ocr_line' id='line_1_47' title="bbox 193 2288 853 2330; baseline 0.002 -9"><span class='ocrx_word' id='word_1_251' title='bbox 193 2291 235 2321; x_wconf 77' lang='lat'>2⁵</span> <span class='ocrx_word' id='word_1_252' title='bbox 259 2289 444 2330; x_wconf 71' lang='lat' dir='ltr'>Discedere]</span> <span class='ocrx_word' id='word_1_253' title='bbox 469 2288 496 2321; x_wconf 78' lang='lat' dir='ltr'><strong>A</strong></span> <span class='ocrx_word' id='word_1_254' title='bbox 513 2293 549 2321; x_wconf 87' lang='lat' dir='ltr'>te</span> <span class='ocrx_word' id='word_1_255' title='bbox 558 2289 750 2322; x_wconf 82' lang='lat' dir='ltr'>discedere.</span> <span class='ocrx_word' id='word_1_256' title='bbox 768 2290 853 2322; x_wconf 80' lang='lat' dir='ltr'>Red-</span> 
     </span>
     <span class='ocr_line' id='line_1_48' title="bbox 149 2339 853 2382; baseline 0.001 -12"><span class='ocrx_word' id='word_1_257' title='bbox 149 2339 222 2380; x_wconf 69' lang='grc' dir='ltr'>διε]</span> <span class='ocrx_word' id='word_1_258' title='bbox 245 2339 381 2371; x_wconf 73' lang='lat' dir='ltr'>Reddes</span> <span class='ocrx_word' id='word_1_259' title='bbox 398 2340 554 2371; x_wconf 85' lang='lat' dir='ltr'>meliores</span> <span class='ocrx_word' id='word_1_260' title='bbox 569 2349 687 2381; x_wconf 87' lang='lat' dir='ltr'>annos,</span> <span class='ocrx_word' id='word_1_261' title='bbox 701 2349 785 2382; x_wconf 88' lang='lat' dir='ltr'>quos</span> <span class='ocrx_word' id='word_1_262' title='bbox 802 2345 853 2371; x_wconf 86' lang='lat' dir='ltr'>te-</span> 
     </span>
     <span class='ocr_line' id='line_1_49' title="bbox 153 2389 453 2431; baseline 0.003 -11"><span class='ocrx_word' id='word_1_263' title='bbox 153 2397 230 2420; x_wconf 85' lang='lat' dir='ltr'>cum</span> <span class='ocrx_word' id='word_1_264' title='bbox 247 2389 453 2431; x_wconf 79' lang='lat' dir='ltr'>consumpsi.</span> 
     </span>
    </p>

    <p class='ocr_par' dir='ltr' id='par_1_11' title="bbox 151 2438 860 2825">
     <span class='ocr_line' id='line_1_50' title="bbox 193 2438 854 2480; baseline 0.003 -11"><span class='ocrx_word' id='word_1_265' title='bbox 193 2439 236 2469; x_wconf 74' lang='lat'>86</span> <span class='ocrx_word' id='word_1_266' title='bbox 261 2438 379 2478; x_wconf 71' lang='lat' dir='ltr'>Nigr-os</span> <span class='ocrx_word' id='word_1_267' title='bbox 408 2442 542 2479; x_wconf 73' lang='lat' dir='ltr'>angusta</span> <span class='ocrx_word' id='word_1_268' title='bbox 567 2439 679 2478; x_wconf 77' lang='lat' dir='ltr'>fronte</span> <span class='ocrx_word' id='word_1_269' title='bbox 711 2439 854 2480; x_wconf 67' lang='lat' dir='ltr'>capillos]</span> 
     </span>
     <span class='ocr_line' id='line_1_51' title="bbox 153 2485 856 2528; baseline 0.006 -10"><span class='ocrx_word' id='word_1_270' title='bbox 153 2485 300 2528; x_wconf 83' lang='lat' dir='ltr'>Capillos</span> <span class='ocrx_word' id='word_1_271' title='bbox 325 2498 415 2521; x_wconf 89' lang='lat' dir='ltr'>nuuc</span> <span class='ocrx_word' id='word_1_272' title='bbox 443 2499 545 2522; x_wconf 84' lang='lat' dir='ltr'>canos</span> <span class='ocrx_word' id='word_1_273' title='bbox 569 2490 604 2522; x_wconf 85' lang='lat' dir='ltr'>in</span> <span class='ocrx_word' id='word_1_274' title='bbox 628 2489 754 2525; x_wconf 82' lang='lat' dir='ltr'>fronte,</span> <span class='ocrx_word' id='word_1_275' title='bbox 785 2491 856 2522; x_wconf 81' lang='lat' dir='ltr'>lata</span> 
     </span>
     <span class='ocr_line' id='line_1_52' title="bbox 151 2539 854 2582; baseline 0.007 -15"><span class='ocrx_word' id='word_1_276' title='bbox 151 2541 297 2578; x_wconf 86' lang='lat' dir='ltr'>propter</span> <span class='ocrx_word' id='word_1_277' title='bbox 325 2539 510 2571; x_wconf 77' lang='lat' dir='ltr'>calvitiem.</span> <span class='ocrx_word' id='word_1_278' title='bbox 553 2540 701 2579; x_wconf 72' lang='lat' dir='ltr'>Angusta</span> <span class='ocrx_word' id='word_1_279' title='bbox 728 2539 854 2582; x_wconf 79' lang='lat' dir='ltr'>fronte]</span> 
     </span>
     <span class='ocr_line' id='line_1_53' title="bbox 155 2585 857 2627; baseline 0.009 -11"><span class='ocrx_word' id='word_1_280' title='bbox 155 2585 264 2617; x_wconf 73' lang='lat' dir='ltr'>Nuus</span> <span class='ocrx_word' id='word_1_281' title='bbox 278 2595 402 2627; x_wconf 84' lang='lat' dir='ltr'>nempe</span> <span class='ocrx_word' id='word_1_282' title='bbox 425 2588 561 2619; x_wconf 81' lang='lat' dir='ltr'>calvitie</span> <span class='ocrx_word' id='word_1_283' title='bbox 577 2588 744 2621; x_wconf 80' lang='lat' dir='ltr'>deformi:</span> <span class='ocrx_word' id='word_1_284' title='bbox 769 2591 857 2622; x_wconf 86' lang='lat' dir='ltr'>seni·</span> 
     </span>
     <span class='ocr_line' id='line_1_54' title="bbox 155 2634 856 2672; baseline 0.009 -6"><span class='ocrx_word' id='word_1_285' title='bbox 155 2634 219 2667; x_wconf 81' lang='lat' dir='ltr'>bus</span> <span class='ocrx_word' id='word_1_286' title='bbox 234 2635 324 2667; x_wconf 87' lang='lat' dir='ltr'>enim</span> <span class='ocrx_word' id='word_1_287' title='bbox 339 2636 465 2668; x_wconf 83' lang='lat' dir='ltr'>crescit</span> <span class='ocrx_word' id='word_1_288' title='bbox 478 2636 570 2668; x_wconf 81' lang='lat' dir='ltr'>frons</span> <span class='ocrx_word' id='word_1_289' title='bbox 587 2638 787 2671; x_wconf 82' lang='lat' dir='ltr'>cadentibus</span> <span class='ocrx_word' id='word_1_290' title='bbox 801 2649 856 2672; x_wconf 82' lang='lat' dir='ltr'>ca-</span> 
     </span>
     <span class='ocr_line' id='line_1_55' title="bbox 153 2684 858 2730; baseline 0.009 -15"><span class='ocrx_word' id='word_1_291' title='bbox 153 2684 254 2725; x_wconf 78' lang='lat' dir='ltr'>pillis.</span> <span class='ocrx_word' id='word_1_292' title='bbox 267 2684 341 2716; x_wconf 85' lang='lat' dir='ltr'>Lib.</span> <span class='ocrx_word' id='word_1_293' title='bbox 352 2694 377 2717; x_wconf 82' lang='lat' dir='ltr'>t.</span> <span class='ocrx_word' id='word_1_294' title='bbox 390 2685 460 2717; x_wconf 86' lang='lat' dir='ltr'>Od.</span> <span class='ocrx_word' id='word_1_295' title='bbox 474 2689 528 2718; x_wconf 80' lang='grc'>33.</span> <span class='ocrx_word' id='word_1_296' title='bbox 539 2687 630 2728; x_wconf 86' lang='lat' dir='ltr'>quod</span> <span class='ocrx_word' id='word_1_297' title='bbox 641 2688 703 2729; x_wconf 86' lang='lat' dir='ltr'>ait,</span> <span class='ocrx_word' id='word_1_298' title='bbox 717 2688 728 2706; x_wconf 86' lang='lat'>‘</span> <span class='ocrx_word' id='word_1_299' title='bbox 747 2689 858 2730; x_wconf 88' lang='lat' dir='ltr'>Insig-</span> 
     </span>
     <span class='ocr_line' id='line_1_56' title="bbox 156 2733 858 2776; baseline 0.007 -11"><span class='ocrx_word' id='word_1_300' title='bbox 156 2743 232 2766; x_wconf 87' lang='lat' dir='ltr'>nem</span> <span class='ocrx_word' id='word_1_301' title='bbox 250 2735 344 2766; x_wconf 89' lang='lat' dir='ltr'>tenui</span> <span class='ocrx_word' id='word_1_302' title='bbox 357 2733 470 2767; x_wconf 79' lang='lat' dir='ltr'>fronte</span> <span class='ocrx_word' id='word_1_303' title='bbox 481 2735 677 2776; x_wconf 78' lang='lat' dir='ltr'>Lycorida3’</span> <span class='ocrx_word' id='word_1_304' title='bbox 700 2747 766 2769; x_wconf 90' lang='lat' dir='ltr'>non</span> <span class='ocrx_word' id='word_1_305' title='bbox 782 2738 858 2769; x_wconf 85' lang='lat' dir='ltr'>bre-</span> 
     </span>
     <span class='ocr_line' id='line_1_57' title="bbox 154 2785 860 2825; baseline 0 -7"><span class='ocrx_word' id='word_1_306' title='bbox 154 2793 231 2818; x_wconf 69' lang='lat' dir='ltr'>vem</span> <span class='ocrx_word' id='word_1_307' title='bbox 258 2788 362 2825; x_wconf 80' lang='lat' dir='ltr'>atque</span> <span class='ocrx_word' id='word_1_308' title='bbox 386 2790 565 2825; x_wconf 73' lang='lat' dir='ltr'>angustam</span> <span class='ocrx_word' id='word_1_309' title='bbox 591 2785 738 2820; x_wconf 83' lang='lat' dir='ltr'>frontem</span> <span class='ocrx_word' id='word_1_310' title='bbox 761 2788 860 2820; x_wconf 88' lang='lat' dir='ltr'>intel·</span> 
     </span>
    </p>
   </div>
   <div class='ocr_carea' id='block_1_7' title="bbox 242 2837 596 2879">
    <p class='ocr_par' dir='ltr' id='par_1_12' title="bbox 242 2837 596 2879">
     <span class='ocr_line' id='line_1_58' title="bbox 242 2837 596 2879; baseline 0 -9"><span class='ocrx_word' id='word_1_311' title='bbox 242 2837 357 2879; x_wconf 78' lang='lat' dir='ltr'>Delph.</span> <span class='ocrx_word' id='word_1_312' title='bbox 373 2840 406 2870; x_wconf 80' lang='lat' dir='ltr'>et</span> <span class='ocrx_word' id='word_1_313' title='bbox 422 2838 494 2870; x_wconf 69' lang='grc' dir='ltr'>ναν.</span> <span class='ocrx_word' id='word_1_314' title='bbox 508 2838 596 2870; x_wconf 72' lang='lat' dir='ltr'>Clas.</span> 
     </span>
    </p>
   </div>
   <div class='ocr_carea' id='block_1_8' title="bbox 840 2839 959 2872">
    <p class='ocr_par' dir='ltr' id='par_1_13' title="bbox 840 2839 959 2872">
     <span class='ocr_line' id='line_1_59' title="bbox 840 2839 959 2872; baseline 0.008 -1"><span class='ocrx_word' id='word_1_315' title='bbox 840 2839 959 2872; x_wconf 73' lang='lat' dir='ltr'>Horat.</span> 
     </span>
    </p>
   </div>
   <div class='ocr_carea' id='block_1_9' title="bbox 892 748 1607 2869">
    <p class='ocr_par' dir='ltr' id='par_1_14' title="bbox 933 748 1403 790">
     <span class='ocr_line' id='line_1_60' title="bbox 933 748 1403 790; baseline -0.004 -9"><span class='ocrx_word' id='word_1_316' title='bbox 933 751 976 781; x_wconf 78' lang='lat'>29</span> <span class='ocrx_word' id='word_1_317' title='bbox 1001 748 1132 790; x_wconf 67' lang='lat' dir='ltr'>Tenuis]</span> <span class='ocrx_word' id='word_1_318' title='bbox 1154 748 1254 780; x_wconf 80' lang='lat' dir='ltr'>Inani</span> <span class='ocrx_word' id='word_1_319' title='bbox 1271 752 1403 779; x_wconf 80' lang='lat' dir='ltr'>ventre.</span> 
     </span>
    </p>

    <p class='ocr_par' dir='ltr' id='par_1_15' title="bbox 892 798 1597 1040">
     <span class='ocr_line' id='line_1_61' title="bbox 934 798 1596 841; baseline -0.003 -10"><span class='ocrx_word' id='word_1_320' title='bbox 934 801 977 830; x_wconf 83' lang='grc'>30</span> <span class='ocrx_word' id='word_1_321' title='bbox 1002 799 1155 841; x_wconf 65' lang='lat' dir='ltr'>Repeti-at</span> <span class='ocrx_word' id='word_1_322' title='bbox 1186 799 1220 830; x_wconf 77' lang='lat' dir='ltr'>in</span> <span class='ocrx_word' id='word_1_323' title='bbox 1246 808 1400 830; x_wconf 71' lang='lat' dir='ltr'>cumeram</span> <span class='ocrx_word' id='word_1_324' title='bbox 1422 798 1596 838; x_wconf 74' lang='lat' dir='ltr'>frumenti]</span> 
     </span>
     <span class='ocr_line' id='line_1_62' title="bbox 892 847 1596 881; baseline -0.001 -1"><span class='ocrx_word' id='word_1_325' title='bbox 892 848 1080 881; x_wconf 52' lang='lat' dir='ltr'>Introit-nt</span> <span class='ocrx_word' id='word_1_326' title='bbox 1095 848 1129 880; x_wconf 82' lang='lat' dir='ltr'>in</span> <span class='ocrx_word' id='word_1_327' title='bbox 1145 858 1202 880; x_wconf 76' lang='lat' dir='ltr'>vas</span> <span class='ocrx_word' id='word_1_328' title='bbox 1215 848 1397 880; x_wconf 82' lang='lat' dir='ltr'>vimineum</span> <span class='ocrx_word' id='word_1_329' title='bbox 1410 847 1596 879; x_wconf 82' lang='lat' dir='ltr'>frumenta·</span> 
     </span>
     <span class='ocr_line' id='line_1_63' title="bbox 893 897 1597 938; baseline -0.004 -7"><span class='ocrx_word' id='word_1_330' title='bbox 893 899 991 931; x_wconf 84' lang='lat' dir='ltr'>rium.</span> <span class='ocrx_word' id='word_1_331' title='bbox 1018 899 1184 931; x_wconf 72' lang='lat' dir='ltr'>Cumerom</span> <span class='ocrx_word' id='word_1_332' title='bbox 1198 897 1370 938; x_wconf 74' lang='lat' dir='ltr'>frumenti]</span> <span class='ocrx_word' id='word_1_333' title='bbox 1391 897 1483 931; x_wconf 81' lang='lat' dir='ltr'>Quid</span> <span class='ocrx_word' id='word_1_334' title='bbox 1509 899 1520 915; x_wconf 86' lang='lat'>‘</span> <span class='ocrx_word' id='word_1_335' title='bbox 1537 906 1597 929; x_wconf 81' lang='lat' dir='ltr'>ru-</span> 
     </span>
     <span class='ocr_line' id='line_1_64' title="bbox 892 947 1595 989; baseline 0 -10"><span class='ocrx_word' id='word_1_336' title='bbox 892 954 986 980; x_wconf 81' lang='lat' dir='ltr'>mera</span> <span class='ocrx_word' id='word_1_337' title='bbox 998 948 1007 962; x_wconf 90' lang='lat'><em>&#39;</em></span> <span class='ocrx_word' id='word_1_338' title='bbox 1022 948 1080 989; x_wconf 82' lang='lat' dir='ltr'>sit,</span> <span class='ocrx_word' id='word_1_339' title='bbox 1095 958 1120 980; x_wconf 86' lang='grc' dir='ltr'>ι.</span> <span class='ocrx_word' id='word_1_340' title='bbox 1132 948 1206 980; x_wconf 82' lang='lat' dir='ltr'>Sat.</span> <span class='ocrx_word' id='word_1_341' title='bbox 1221 950 1251 979; x_wconf 88' lang='lat'>1.</span> <span class='ocrx_word' id='word_1_342' title='bbox 1264 948 1422 981; x_wconf 80' lang='lat' dir='ltr'>diximus.</span> <span class='ocrx_word' id='word_1_343' title='bbox 1443 947 1595 980; x_wconf 80' lang='lat' dir='ltr'>Turneb.</span> 
     </span>
     <span class='ocr_line' id='line_1_65' title="bbox 895 998 1499 1040; baseline -0.002 -10"><span class='ocrx_word' id='word_1_344' title='bbox 895 1007 929 1031; x_wconf 82' lang='lat' dir='ltr'>v.</span> <span class='ocrx_word' id='word_1_345' title='bbox 947 1001 998 1030; x_wconf 80' lang='grc'>13.</span> <span class='ocrx_word' id='word_1_346' title='bbox 1022 998 1197 1040; x_wconf 70' lang='lat' dir='ltr'>Paucaque]</span> <span class='ocrx_word' id='word_1_347' title='bbox 1222 999 1317 1032; x_wconf 76' lang='lat' dir='ltr'>Bene</span> <span class='ocrx_word' id='word_1_348' title='bbox 1333 998 1499 1039; x_wconf 82' lang='lat' dir='ltr'>saginata.</span> 
     </span>
    </p>

    <p class='ocr_par' dir='ltr' id='par_1_16' title="bbox 937 1047 1413 1089">
     <span class='ocr_line' id='line_1_66' title="bbox 937 1047 1413 1089; baseline 0.002 -10"><span class='ocrx_word' id='word_1_349' title='bbox 937 1050 976 1079; x_wconf 85' lang='grc'>31</span> <span class='ocrx_word' id='word_1_350' title='bbox 1005 1047 1179 1089; x_wconf 79' lang='lat' dir='ltr'>Tendebat]</span> <span class='ocrx_word' id='word_1_351' title='bbox 1204 1047 1413 1080; x_wconf 74' lang='lat' dir='ltr'>Conobatur.</span> 
     </span>
    </p>

    <p class='ocr_par' dir='ltr' id='par_1_17' title="bbox 897 1097 1596 1188">
     <span class='ocr_line' id='line_1_67' title="bbox 937 1097 1596 1139; baseline 0 -10"><span class='ocrx_word' id='word_1_352' title='bbox 937 1100 979 1129; x_wconf 85' lang='grc'>33</span> <span class='ocrx_word' id='word_1_353' title='bbox 1015 1097 1149 1139; x_wconf 74' lang='lat' dir='ltr'>Cacum]</span> <span class='ocrx_word' id='word_1_354' title='bbox 1203 1099 1330 1130; x_wconf 61' lang='lat' dir='ltr'>herim</span> <span class='ocrx_word' id='word_1_355' title='bbox 1382 1103 1596 1130; x_wconf 77' lang='lat' dir='ltr'>excavatum.</span> 
     </span>
     <span class='ocr_line' id='line_1_68' title="bbox 897 1147 1596 1188; baseline 0.001 -10"><span class='ocrx_word' id='word_1_356' title='bbox 897 1147 997 1183; x_wconf 74' lang='lat' dir='ltr'>Quem</span> <span class='ocrx_word' id='word_1_357' title='bbox 1012 1147 1133 1187; x_wconf 78' lang='lat' dir='ltr'>macra]</span> <span class='ocrx_word' id='word_1_358' title='bbox 1156 1147 1267 1179; x_wconf 80' lang='lat' dir='ltr'>Quem</span> <span class='ocrx_word' id='word_1_359' title='bbox 1293 1147 1430 1188; x_wconf 79' lang='lat' dir='ltr'>gracilis</span> <span class='ocrx_word' id='word_1_360' title='bbox 1449 1147 1596 1179; x_wconf 77' lang='lat' dir='ltr'>intranti.</span> 
     </span>
    </p>

    <p class='ocr_par' dir='ltr' id='par_1_18' title="bbox 896 1196 1606 2330">
     <span class='ocr_line' id='line_1_69' title="bbox 939 1196 1598 1237; baseline 0.002 -10"><span class='ocrx_word' id='word_1_361' title='bbox 939 1199 981 1228; x_wconf 72' lang='lat'>84</span> <span class='ocrx_word' id='word_1_362' title='bbox 1006 1196 1079 1227; x_wconf 78' lang='lat' dir='ltr'>Hac</span> <span class='ocrx_word' id='word_1_363' title='bbox 1093 1206 1151 1236; x_wconf 81' lang='lat' dir='ltr'>ego</span> <span class='ocrx_word' id='word_1_364' title='bbox 1171 1196 1201 1228; x_wconf 72' lang='lat' dir='ltr'>ei</span> <span class='ocrx_word' id='word_1_365' title='bbox 1224 1196 1402 1237; x_wconf 63' lang='lat' dir='ltr'>emptum]</span> <span class='ocrx_word' id='word_1_366' title='bbox 1425 1197 1500 1236; x_wconf 73' lang='lat' dir='ltr'>Ego</span> <span class='ocrx_word' id='word_1_367' title='bbox 1525 1197 1598 1228; x_wconf 85' lang='lat' dir='ltr'>Ho-</span> 
     </span>
     <span class='ocr_line' id='line_1_70' title="bbox 898 1246 1596 1287; baseline -0.001 -9"><span class='ocrx_word' id='word_1_368' title='bbox 898 1247 1017 1285; x_wconf 78' lang='lat' dir='ltr'>ratius,</span> <span class='ocrx_word' id='word_1_369' title='bbox 1031 1246 1057 1277; x_wconf 70' lang='grc' dir='ltr'>οἰ</span> <span class='ocrx_word' id='word_1_370' title='bbox 1073 1246 1138 1278; x_wconf 82' lang='lat' dir='ltr'>bac</span> <span class='ocrx_word' id='word_1_371' title='bbox 1161 1247 1350 1287; x_wconf 80' lang='lat' dir='ltr'>vulpeculae</span> <span class='ocrx_word' id='word_1_372' title='bbox 1375 1247 1534 1287; x_wconf 78' lang='lat' dir='ltr'>imagine,</span> <span class='ocrx_word' id='word_1_373' title='bbox 1551 1247 1596 1277; x_wconf 78' lang='lat' dir='ltr'>si—</span> 
     </span>
     <span class='ocr_line' id='line_1_71' title="bbox 896 1295 1598 1334; baseline 0.001 -7"><span class='ocrx_word' id='word_1_374' title='bbox 896 1295 1151 1334; x_wconf 85' lang='lat' dir='ltr'>militudiue‚&#39;et</span> <span class='ocrx_word' id='word_1_375' title='bbox 1167 1295 1362 1327; x_wconf 86' lang='lat' dir='ltr'>conditione</span> <span class='ocrx_word' id='word_1_376' title='bbox 1377 1305 1398 1327; x_wconf 83' lang='lat' dir='ltr'>a</span> <span class='ocrx_word' id='word_1_377' title='bbox 1413 1301 1460 1334; x_wconf 88' lang='lat' dir='ltr'>te,</span> <span class='ocrx_word' id='word_1_378' title='bbox 1475 1305 1495 1327; x_wconf 91' lang='lat' dir='ltr'>o</span> <span class='ocrx_word' id='word_1_379' title='bbox 1511 1297 1598 1328; x_wconf 68' lang='lat' dir='ltr'>Mae-</span> 
     </span>
     <span class='ocr_line' id='line_1_72' title="bbox 896 1344 1601 1386; baseline 0 -9"><span class='ocrx_word' id='word_1_380' title='bbox 896 1353 1011 1384; x_wconf 82' lang='lat' dir='ltr'>cenas,</span> <span class='ocrx_word' id='word_1_381' title='bbox 1026 1344 1224 1385; x_wconf 83' lang='lat' dir='ltr'>compellar.</span> <span class='ocrx_word' id='word_1_382' title='bbox 1247 1344 1336 1386; x_wconf 85' lang='lat' dir='ltr'>quod</span> <span class='ocrx_word' id='word_1_383' title='bbox 1352 1354 1400 1376; x_wconf 80' lang='lat' dir='ltr'>sc.</span> <span class='ocrx_word' id='word_1_384' title='bbox 1427 1345 1494 1376; x_wconf 81' lang='lat' dir='ltr'>alia</span> <span class='ocrx_word' id='word_1_385' title='bbox 1516 1346 1601 1377; x_wconf 80' lang='lat' dir='ltr'>rati·</span> 
     </span>
     <span class='ocr_line' id='line_1_73' title="bbox 896 1394 1599 1428; baseline 0.004 -3"><span class='ocrx_word' id='word_1_386' title='bbox 896 1402 962 1425; x_wconf 82' lang='lat' dir='ltr'>one</span> <span class='ocrx_word' id='word_1_387' title='bbox 978 1394 1020 1426; x_wconf 71' lang='lat' dir='ltr'>ab</span> <span class='ocrx_word' id='word_1_388' title='bbox 1045 1395 1106 1426; x_wconf 79' lang='lat' dir='ltr'>liae</span> <span class='ocrx_word' id='word_1_389' title='bbox 1128 1395 1294 1426; x_wconf 84' lang='lat' dir='ltr'>servitute</span> <span class='ocrx_word' id='word_1_390' title='bbox 1316 1395 1395 1427; x_wconf 85' lang='lat' dir='ltr'>mihi</span> <span class='ocrx_word' id='word_1_391' title='bbox 1418 1395 1599 1428; x_wconf 82' lang='lat' dir='ltr'>discedere</span> 
     </span>
     <span class='ocr_line' id='line_1_74' title="bbox 896 1445 1599 1488; baseline 0.004 -12"><span class='ocrx_word' id='word_1_392' title='bbox 896 1453 964 1476; x_wconf 85' lang='lat' dir='ltr'>uon</span> <span class='ocrx_word' id='word_1_393' title='bbox 992 1445 1110 1486; x_wconf 87' lang='lat' dir='ltr'>liceat,</span> <span class='ocrx_word' id='word_1_394' title='bbox 1136 1446 1200 1477; x_wconf 87' lang='lat' dir='ltr'>nisi</span> <span class='ocrx_word' id='word_1_395' title='bbox 1217 1446 1327 1487; x_wconf 83' lang='lat' dir='ltr'>vulpis</span> <span class='ocrx_word' id='word_1_396' title='bbox 1351 1449 1522 1488; x_wconf 84' lang='lat' dir='ltr'>exemplo,</span> <span class='ocrx_word' id='word_1_397' title='bbox 1544 1456 1599 1479; x_wconf 82' lang='lat' dir='ltr'>ac-</span> 
     </span>
     <span class='ocr_line' id='line_1_75' title="bbox 896 1496 1602 1537; baseline 0.004 -11"><span class='ocrx_word' id='word_1_398' title='bbox 896 1498 998 1536; x_wconf 85' lang='lat' dir='ltr'>cepta</span> <span class='ocrx_word' id='word_1_399' title='bbox 1019 1504 1159 1527; x_wconf 82' lang='lat' dir='ltr'>munera</span> <span class='ocrx_word' id='word_1_400' title='bbox 1183 1496 1372 1537; x_wconf 76' lang='lat' dir='ltr'>restituam,</span> <span class='ocrx_word' id='word_1_401' title='bbox 1389 1502 1425 1529; x_wconf 89' lang='lat' dir='ltr'>et</span> <span class='ocrx_word' id='word_1_402' title='bbox 1446 1503 1518 1529; x_wconf 86' lang='lat' dir='ltr'>tum</span> <span class='ocrx_word' id='word_1_403' title='bbox 1541 1497 1602 1529; x_wconf 86' lang='lat' dir='ltr'>de·</span> 
     </span>
     <span class='ocr_line' id='line_1_76' title="bbox 897 1546 1601 1590; baseline 0.003 -13"><span class='ocrx_word' id='word_1_404' title='bbox 897 1555 988 1578; x_wconf 87' lang='lat' dir='ltr'>mum</span> <span class='ocrx_word' id='word_1_405' title='bbox 1004 1546 1084 1577; x_wconf 87' lang='lat' dir='ltr'>mihi</span> <span class='ocrx_word' id='word_1_406' title='bbox 1109 1547 1287 1586; x_wconf 72' lang='lat' dir='ltr'>restituar,</span> <span class='ocrx_word' id='word_1_407' title='bbox 1303 1553 1408 1590; x_wconf 87' lang='lat' dir='ltr'>utque</span> <span class='ocrx_word' id='word_1_408' title='bbox 1428 1548 1494 1580; x_wconf 88' lang='lat' dir='ltr'>mei</span> <span class='ocrx_word' id='word_1_409' title='bbox 1511 1547 1601 1589; x_wconf 87' lang='lat' dir='ltr'>juris</span> 
     </span>
     <span class='ocr_line' id='line_1_77' title="bbox 897 1595 1600 1640; baseline 0.003 -13"><span class='ocrx_word' id='word_1_410' title='bbox 897 1595 971 1635; x_wconf 83' lang='lat' dir='ltr'>sim,</span> <span class='ocrx_word' id='word_1_411' title='bbox 985 1597 1075 1628; x_wconf 80' lang='lat' dir='ltr'>malo</span> <span class='ocrx_word' id='word_1_412' title='bbox 1101 1606 1232 1637; x_wconf 86' lang='lat' dir='ltr'>pauper</span> <span class='ocrx_word' id='word_1_413' title='bbox 1251 1603 1286 1628; x_wconf 92' lang='lat' dir='ltr'>et</span> <span class='ocrx_word' id='word_1_414' title='bbox 1311 1597 1411 1638; x_wconf 86' lang='lat' dir='ltr'>liber,</span> <span class='ocrx_word' id='word_1_415' title='bbox 1426 1607 1526 1640; x_wconf 76' lang='lat' dir='ltr'>quam</span> <span class='ocrx_word' id='word_1_416' title='bbox 1549 1598 1600 1629; x_wconf 82' lang='lat' dir='ltr'>di-</span> 
     </span>
     <span class='ocr_line' id='line_1_78' title="bbox 898 1649 1600 1686; baseline 0.006 -10"><span class='ocrx_word' id='word_1_417' title='bbox 898 1654 958 1677; x_wconf 82' lang='lat' dir='ltr'>ves</span> <span class='ocrx_word' id='word_1_418' title='bbox 973 1651 1009 1677; x_wconf 90' lang='lat' dir='ltr'>et</span> <span class='ocrx_word' id='word_1_419' title='bbox 1026 1655 1143 1678; x_wconf 84' lang='lat' dir='ltr'>servus</span> <span class='ocrx_word' id='word_1_420' title='bbox 1160 1656 1235 1678; x_wconf 87' lang='lat' dir='ltr'>esse</span> <span class='ocrx_word' id='word_1_421' title='bbox 1249 1657 1259 1686; x_wconf 88' lang='lat'><strong>;</strong></span> <span class='ocrx_word' id='word_1_422' title='bbox 1282 1652 1318 1679; x_wconf 88' lang='lat' dir='ltr'>et</span> <span class='ocrx_word' id='word_1_423' title='bbox 1340 1649 1391 1680; x_wconf 82' lang='lat' dir='ltr'>sic</span> <span class='ocrx_word' id='word_1_424' title='bbox 1406 1653 1532 1679; x_wconf 81' lang='lat' dir='ltr'>cuncta</span> <span class='ocrx_word' id='word_1_425' title='bbox 1548 1657 1600 1680; x_wconf 85' lang='lat' dir='ltr'>re-</span> 
     </span>
     <span class='ocr_line' id='line_1_79' title="bbox 900 1697 1602 1738; baseline -0.001 -11"><span class='ocrx_word' id='word_1_426' title='bbox 900 1697 1005 1737; x_wconf 82' lang='lat' dir='ltr'>signo.</span> <span class='ocrx_word' id='word_1_427' title='bbox 1027 1697 1177 1729; x_wconf 72' lang='lat' dir='ltr'>Lubinus.</span> <span class='ocrx_word' id='word_1_428' title='bbox 1224 1698 1296 1729; x_wconf 74' lang='lat' dir='ltr'>Huc</span> <span class='ocrx_word' id='word_1_429' title='bbox 1315 1698 1388 1738; x_wconf 78' lang='lat' dir='ltr'>ego]</span> <span class='ocrx_word' id='word_1_430' title='bbox 1409 1698 1487 1729; x_wconf 79' lang='lat' dir='ltr'>Hac</span> <span class='ocrx_word' id='word_1_431' title='bbox 1510 1698 1602 1728; x_wconf 85' lang='lat' dir='ltr'>simi-</span> 
     </span>
     <span class='ocr_line' id='line_1_80' title="bbox 900 1746 1603 1787; baseline 0.001 -11"><span class='ocrx_word' id='word_1_432' title='bbox 900 1746 1055 1776; x_wconf 75' lang='lat' dir='ltr'>litudine.</span> <span class='ocrx_word' id='word_1_433' title='bbox 1070 1747 1192 1777; x_wconf 73' lang='lat' dir='ltr'>Cuncta</span> <span class='ocrx_word' id='word_1_434' title='bbox 1203 1746 1345 1786; x_wconf 68' lang='lat' dir='ltr'>resigno]</span> <span class='ocrx_word' id='word_1_435' title='bbox 1368 1748 1379 1764; x_wconf 87' lang='lat'>‘</span> <span class='ocrx_word' id='word_1_436' title='bbox 1397 1746 1603 1787; x_wconf 79' lang='lat' dir='ltr'>Resignure’</span> 
     </span>
     <span class='ocr_line' id='line_1_81' title="bbox 900 1794 1603 1836; baseline 0.004 -12"><span class='ocrx_word' id='word_1_437' title='bbox 900 1794 955 1824; x_wconf 84' lang='lat' dir='ltr'>hic</span> <span class='ocrx_word' id='word_1_438' title='bbox 983 1803 1049 1824; x_wconf 90' lang='lat' dir='ltr'>non</span> <span class='ocrx_word' id='word_1_439' title='bbox 1080 1803 1141 1834; x_wconf 90' lang='lat' dir='ltr'>pro</span> <span class='ocrx_word' id='word_1_440' title='bbox 1171 1795 1353 1826; x_wconf 79' lang='lat' dir='ltr'>restituere</span> <span class='ocrx_word' id='word_1_441' title='bbox 1382 1795 1536 1836; x_wconf 80' lang='lat' dir='ltr'>accipio;</span> <span class='ocrx_word' id='word_1_442' title='bbox 1567 1795 1603 1827; x_wconf 83' lang='lat' dir='ltr'>id</span> 
     </span>
     <span class='ocr_line' id='line_1_82' title="bbox 901 1841 1605 1884; baseline 0.004 -11"><span class='ocrx_word' id='word_1_443' title='bbox 901 1841 992 1873; x_wconf 86' lang='lat' dir='ltr'>enim</span> <span class='ocrx_word' id='word_1_444' title='bbox 1009 1850 1121 1883; x_wconf 86' lang='lat' dir='ltr'>neque</span> <span class='ocrx_word' id='word_1_445' title='bbox 1143 1843 1333 1874; x_wconf 67' lang='lat' dir='ltr'>Maecenati</span> <span class='ocrx_word' id='word_1_446' title='bbox 1356 1852 1470 1884; x_wconf 79' lang='lat' dir='ltr'>neque</span> <span class='ocrx_word' id='word_1_447' title='bbox 1491 1844 1605 1875; x_wconf 86' lang='lat' dir='ltr'>Hora-</span> 
     </span>
     <span class='ocr_line' id='line_1_83' title="bbox 901 1889 1603 1934; baseline 0.004 -13"><span class='ocrx_word' id='word_1_448' title='bbox 901 1891 952 1921; x_wconf 85' lang='lat' dir='ltr'>tio</span> <span class='ocrx_word' id='word_1_449' title='bbox 978 1890 1156 1921; x_wconf 79' lang='lat' dir='ltr'>honestum</span> <span class='ocrx_word' id='word_1_450' title='bbox 1181 1889 1327 1931; x_wconf 81' lang='lat' dir='ltr'>fuisset3</span> <span class='ocrx_word' id='word_1_451' title='bbox 1347 1891 1408 1923; x_wconf 80' lang='lat' dir='ltr'>sed</span> <span class='ocrx_word' id='word_1_452' title='bbox 1435 1901 1497 1932; x_wconf 90' lang='lat' dir='ltr'>pro</span> <span class='ocrx_word' id='word_1_453' title='bbox 1522 1902 1603 1934; x_wconf 84' lang='lat' dir='ltr'>quo-</span> 
     </span>
     <span class='ocr_line' id='line_1_84' title="bbox 899 1938 1605 1983; baseline 0.007 -14"><span class='ocrx_word' id='word_1_454' title='bbox 899 1938 1138 1980; x_wconf 84' lang='lat' dir='ltr'>modocunque</span> <span class='ocrx_word' id='word_1_455' title='bbox 1167 1939 1383 1983; x_wconf 85' lang='lat' dir='ltr'>relinquere:</span> <span class='ocrx_word' id='word_1_456' title='bbox 1419 1946 1458 1974; x_wconf 87' lang='lat' dir='ltr'>ut</span> <span class='ocrx_word' id='word_1_457' title='bbox 1487 1942 1605 1974; x_wconf 80' lang='lat' dir='ltr'>hones-</span> 
     </span>
     <span class='ocr_line' id='line_1_85' title="bbox 900 1988 1603 2033; baseline 0.009 -14"><span class='ocrx_word' id='word_1_458' title='bbox 900 1991 983 2026; x_wconf 86' lang='lat' dir='ltr'>tam,</span> <span class='ocrx_word' id='word_1_459' title='bbox 998 1988 1088 2030; x_wconf 87' lang='lat' dir='ltr'>quod</span> <span class='ocrx_word' id='word_1_460' title='bbox 1106 1989 1155 2021; x_wconf 82' lang='lat' dir='ltr'>ait</span> <span class='ocrx_word' id='word_1_461' title='bbox 1169 1989 1263 2030; x_wconf 87' lang='lat' dir='ltr'>alibi,</span> <span class='ocrx_word' id='word_1_462' title='bbox 1273 1996 1514 2033; x_wconf 80' lang='lat' dir='ltr'>paupertatem</span> <span class='ocrx_word' id='word_1_463' title='bbox 1529 1994 1603 2026; x_wconf 85' lang='lat' dir='ltr'>sine</span> 
     </span>
     <span class='ocr_line' id='line_1_86' title="bbox 900 2037 1603 2084; baseline 0.009 -15"><span class='ocrx_word' id='word_1_464' title='bbox 900 2037 982 2070; x_wconf 88' lang='lat' dir='ltr'>dote</span> <span class='ocrx_word' id='word_1_465' title='bbox 1009 2039 1122 2079; x_wconf 84' lang='lat' dir='ltr'>potius</span> <span class='ocrx_word' id='word_1_466' title='bbox 1148 2040 1390 2080; x_wconf 84' lang='lat' dir='ltr'>amplectatur,</span> <span class='ocrx_word' id='word_1_467' title='bbox 1414 2051 1516 2084; x_wconf 85' lang='lat' dir='ltr'>quam</span> <span class='ocrx_word' id='word_1_468' title='bbox 1542 2043 1603 2074; x_wconf 89' lang='lat' dir='ltr'>im-</span> 
     </span>
     <span class='ocr_line' id='line_1_87' title="bbox 899 2088 1606 2124; baseline 0.008 -6"><span class='ocrx_word' id='word_1_469' title='bbox 899 2088 1039 2120; x_wconf 81' lang='lat' dir='ltr'>minutae</span> <span class='ocrx_word' id='word_1_470' title='bbox 1063 2088 1232 2121; x_wconf 83' lang='lat' dir='ltr'>libertatis</span> <span class='ocrx_word' id='word_1_471' title='bbox 1255 2090 1398 2123; x_wconf 79' lang='lat' dir='ltr'>taedium</span> <span class='ocrx_word' id='word_1_472' title='bbox 1423 2101 1464 2123; x_wconf 85' lang='lat' dir='ltr'>ac</span> <span class='ocrx_word' id='word_1_473' title='bbox 1482 2093 1606 2124; x_wconf 78' lang='lat' dir='ltr'>moles-</span> 
     </span>
     <span class='ocr_line' id='line_1_88' title="bbox 900 2138 1605 2183; baseline 0.007 -14"><span class='ocrx_word' id='word_1_474' title='bbox 900 2138 983 2170; x_wconf 82' lang='lat' dir='ltr'>tiam</span> <span class='ocrx_word' id='word_1_475' title='bbox 1013 2139 1131 2171; x_wconf 79' lang='lat' dir='ltr'>Romae</span> <span class='ocrx_word' id='word_1_476' title='bbox 1161 2139 1262 2172; x_wconf 84' lang='lat' dir='ltr'>ferat.</span> <span class='ocrx_word' id='word_1_477' title='bbox 1295 2141 1305 2159; x_wconf 83' lang='lat'><em>⁴</em></span> <span class='ocrx_word' id='word_1_478' title='bbox 1323 2142 1526 2183; x_wconf 81' lang='lat' dir='ltr'>Resiguare’</span> <span class='ocrx_word' id='word_1_479' title='bbox 1549 2149 1605 2174; x_wconf 82' lang='lat' dir='ltr'>est</span> 
     </span>
     <span class='ocr_line' id='line_1_89' title="bbox 900 2187 1605 2232; baseline 0.01 -14"><span class='ocrx_word' id='word_1_480' title='bbox 900 2187 1032 2220; x_wconf 88' lang='lat' dir='ltr'>irritum</span> <span class='ocrx_word' id='word_1_481' title='bbox 1048 2187 1162 2221; x_wconf 83' lang='lat' dir='ltr'>facere</span> <span class='ocrx_word' id='word_1_482' title='bbox 1178 2191 1268 2232; x_wconf 86' lang='lat' dir='ltr'>quod</span> <span class='ocrx_word' id='word_1_483' title='bbox 1282 2197 1502 2225; x_wconf 84' lang='lat' dir='ltr'>convenerat.</span> <span class='ocrx_word' id='word_1_484' title='bbox 1529 2191 1605 2224; x_wconf 78' lang='lat' dir='ltr'>Tor-</span> 
     </span>
     <span class='ocr_line' id='line_1_90' title="bbox 900 2238 1604 2284; baseline 0.009 -16"><span class='ocrx_word' id='word_1_485' title='bbox 900 2240 985 2269; x_wconf 78' lang='lat' dir='ltr'>rent.</span> <span class='ocrx_word' id='word_1_486' title='bbox 1032 2238 1153 2270; x_wconf 73' lang='lat' dir='ltr'>cunct·</span> <span class='ocrx_word' id='word_1_487' title='bbox 1174 2240 1316 2281; x_wconf 70' lang='lat' dir='ltr'>resigno]</span> <span class='ocrx_word' id='word_1_488' title='bbox 1354 2241 1493 2282; x_wconf 85' lang='lat' dir='ltr'>Omnia,</span> <span class='ocrx_word' id='word_1_489' title='bbox 1528 2252 1604 2284; x_wconf 85' lang='lat' dir='ltr'>quae</span> 
     </span>
     <span class='ocr_line' id='line_1_91' title="bbox 902 2287 1310 2330; baseline 0.002 -11"><span class='ocrx_word' id='word_1_490' title='bbox 902 2288 982 2319; x_wconf 81' lang='lat' dir='ltr'>mihi</span> <span class='ocrx_word' id='word_1_491' title='bbox 999 2287 1139 2330; x_wconf 74' lang='lat' dir='ltr'>dedisti,</span> <span class='ocrx_word' id='word_1_492' title='bbox 1157 2290 1310 2322; x_wconf 86' lang='lat' dir='ltr'>restituo.</span> 
     </span>
    </p>

    <p class='ocr_par' dir='ltr' id='par_1_19' title="bbox 903 2330 1607 2869">
     <span class='ocr_line' id='line_1_92' title="bbox 945 2330 1607 2380; baseline 0.003 -11"><span class='ocrx_word' id='word_1_493' title='bbox 945 2340 986 2369; x_wconf 87' lang='grc'>35</span> <span class='ocrx_word' id='word_1_494' title='bbox 1011 2338 1078 2369; x_wconf 82' lang='lat' dir='ltr'>Nec</span> <span class='ocrx_word' id='word_1_495' title='bbox 1089 2348 1227 2371; x_wconf 73' lang='lat' dir='ltr'>smmum</span> <span class='ocrx_word' id='word_1_496' title='bbox 1237 2339 1354 2380; x_wconf 70' lang='lat' dir='ltr'>plebis]</span> <span class='ocrx_word' id='word_1_497' title='bbox 1365 2330 1371 2336; x_wconf 58' lang='lat'>⁵</span> <span class='ocrx_word' id='word_1_498' title='bbox 1381 2340 1472 2379; x_wconf 88' lang='lat' dir='ltr'>Non,</span> <span class='ocrx_word' id='word_1_499' title='bbox 1484 2344 1522 2371; x_wconf 91' lang='lat' dir='ltr'>ut</span> <span class='ocrx_word' id='word_1_500' title='bbox 1535 2341 1607 2380; x_wconf 87' lang='lat' dir='ltr'>ple-</span> 
     </span>
     <span class='ocr_line' id='line_1_93' title="bbox 903 2387 1604 2429; baseline 0.003 -11"><span class='ocrx_word' id='word_1_501' title='bbox 903 2387 1000 2429; x_wconf 87' lang='lat' dir='ltr'>rique</span> <span class='ocrx_word' id='word_1_502' title='bbox 1017 2388 1140 2427; x_wconf 81' lang='lat' dir='ltr'>solent,</span> <span class='ocrx_word' id='word_1_503' title='bbox 1157 2389 1299 2429; x_wconf 80' lang='lat' dir='ltr'>privatae</span> <span class='ocrx_word' id='word_1_504' title='bbox 1317 2390 1505 2421; x_wconf 85' lang='lat' dir='ltr'>tenuiorum</span> <span class='ocrx_word' id='word_1_505' title='bbox 1524 2390 1604 2420; x_wconf 69' lang='lat' dir='ltr'>vitae</span> 
     </span>
     <span class='ocr_line' id='line_1_94' title="bbox 904 2437 1606 2480; baseline 0 -11"><span class='ocrx_word' id='word_1_506' title='bbox 904 2437 1125 2470; x_wconf 80' lang='lat' dir='ltr'>securitatem</span> <span class='ocrx_word' id='word_1_507' title='bbox 1149 2440 1325 2480; x_wconf 84' lang='lat' dir='ltr'>otiumque</span> <span class='ocrx_word' id='word_1_508' title='bbox 1347 2449 1382 2470; x_wconf 92' lang='lat' dir='ltr'>se</span> <span class='ocrx_word' id='word_1_509' title='bbox 1400 2439 1539 2470; x_wconf 84' lang='lat' dir='ltr'>laudare</span> <span class='ocrx_word' id='word_1_510' title='bbox 1555 2439 1606 2470; x_wconf 85' lang='lat' dir='ltr'>di-</span> 
     </span>
     <span class='ocr_line' id='line_1_95' title="bbox 904 2487 1606 2529; baseline 0.001 -11"><span class='ocrx_word' id='word_1_511' title='bbox 904 2487 966 2526; x_wconf 79' lang='lat' dir='ltr'>cit,</span> <span class='ocrx_word' id='word_1_512' title='bbox 980 2492 1158 2529; x_wconf 85' lang='lat' dir='ltr'>postquam</span> <span class='ocrx_word' id='word_1_513' title='bbox 1176 2489 1250 2528; x_wconf 84' lang='lat' dir='ltr'>ipse</span> <span class='ocrx_word' id='word_1_514' title='bbox 1261 2489 1332 2528; x_wconf 83' lang='lat' dir='ltr'>jam</span> <span class='ocrx_word' id='word_1_515' title='bbox 1349 2492 1444 2518; x_wconf 83' lang='lat' dir='ltr'>satur</span> <span class='ocrx_word' id='word_1_516' title='bbox 1457 2497 1497 2520; x_wconf 82' lang='lat' dir='ltr'>ac</span> <span class='ocrx_word' id='word_1_517' title='bbox 1512 2487 1606 2520; x_wconf 74' lang='lat' dir='ltr'>dives</span> 
     </span>
     <span class='ocr_line' id='line_1_96' title="bbox 905 2536 1603 2577; baseline 0.001 -8"><span class='ocrx_word' id='word_1_518' title='bbox 905 2536 1050 2569; x_wconf 79' lang='lat' dir='ltr'>effectus</span> <span class='ocrx_word' id='word_1_519' title='bbox 1066 2538 1134 2576; x_wconf 88' lang='lat' dir='ltr'>sit;</span> <span class='ocrx_word' id='word_1_520' title='bbox 1157 2538 1205 2568; x_wconf 91' lang='lat' dir='ltr'>uti</span> <span class='ocrx_word' id='word_1_521' title='bbox 1228 2542 1264 2567; x_wconf 89' lang='lat' dir='ltr'>et</span> <span class='ocrx_word' id='word_1_522' title='bbox 1280 2537 1380 2577; x_wconf 83' lang='lat' dir='ltr'>vulgo</span> <span class='ocrx_word' id='word_1_523' title='bbox 1403 2536 1470 2568; x_wconf 83' lang='lat' dir='ltr'>dici</span> <span class='ocrx_word' id='word_1_524' title='bbox 1492 2538 1603 2570; x_wconf 85' lang='lat' dir='ltr'>solet:</span> 
     </span>
     <span class='ocr_line' id='line_1_97' title="bbox 905 2586 1606 2629; baseline 0 -10"><span class='ocrx_word' id='word_1_525' title='bbox 905 2589 915 2606; x_wconf 92' lang='lat'>‘</span> <span class='ocrx_word' id='word_1_526' title='bbox 933 2588 1002 2620; x_wconf 82' lang='lat' dir='ltr'>Qui</span> <span class='ocrx_word' id='word_1_527' title='bbox 1018 2592 1114 2619; x_wconf 82' lang='lat' dir='ltr'>satur</span> <span class='ocrx_word' id='word_1_528' title='bbox 1135 2590 1197 2621; x_wconf 84' lang='lat' dir='ltr'>est,</span> <span class='ocrx_word' id='word_1_529' title='bbox 1215 2586 1315 2626; x_wconf 84' lang='lat' dir='ltr'>pleno</span> <span class='ocrx_word' id='word_1_530' title='bbox 1342 2586 1458 2618; x_wconf 77' lang='lat' dir='ltr'>laudat</span> <span class='ocrx_word' id='word_1_531' title='bbox 1473 2587 1606 2629; x_wconf 83' lang='lat' dir='ltr'>jejunia</span> 
     </span>
     <span class='ocr_line' id='line_1_98' title="bbox 906 2635 1607 2678; baseline 0 -9"><span class='ocrx_word' id='word_1_532' title='bbox 906 2643 1027 2670; x_wconf 85' lang='lat' dir='ltr'>ventre</span> <span class='ocrx_word' id='word_1_533' title='bbox 1039 2637 1058 2677; x_wconf 87' lang='lat'>;’</span> <span class='ocrx_word' id='word_1_534' title='bbox 1082 2635 1141 2667; x_wconf 81' lang='lat' dir='ltr'>sed</span> <span class='ocrx_word' id='word_1_535' title='bbox 1160 2646 1239 2667; x_wconf 87' lang='lat' dir='ltr'>vere</span> <span class='ocrx_word' id='word_1_536' title='bbox 1256 2642 1357 2678; x_wconf 83' lang='lat' dir='ltr'>atque</span> <span class='ocrx_word' id='word_1_537' title='bbox 1373 2645 1416 2668; x_wconf 87' lang='lat' dir='ltr'>ex</span> <span class='ocrx_word' id='word_1_538' title='bbox 1432 2637 1607 2677; x_wconf 81' lang='lat' dir='ltr'>auimo,nt</span> 
     </span>
     <span class='ocr_line' id='line_1_99' title="bbox 906 2685 1605 2719; baseline -0.001 0"><span class='ocrx_word' id='word_1_539' title='bbox 906 2687 1074 2719; x_wconf 86' lang='lat' dir='ltr'>hominem</span> <span class='ocrx_word' id='word_1_540' title='bbox 1084 2685 1311 2717; x_wconf 80' lang='lat' dir='ltr'>verecundum</span> <span class='ocrx_word' id='word_1_541' title='bbox 1324 2685 1435 2718; x_wconf 78' lang='lat' dir='ltr'>decet.</span> <span class='ocrx_word' id='word_1_542' title='bbox 1461 2686 1605 2718; x_wconf 66' lang='lat' dir='ltr'>Torreat.</span> 
     </span>
     <span class='ocr_line' id='line_1_100' title="bbox 910 2736 1607 2778; baseline -0.001 -9"><span class='ocrx_word' id='word_1_543' title='bbox 910 2739 978 2769; x_wconf 83' lang='lat' dir='ltr'>Nec</span> <span class='ocrx_word' id='word_1_544' title='bbox 1003 2745 1141 2768; x_wconf 74' lang='lat' dir='ltr'>somnum</span> <span class='ocrx_word' id='word_1_545' title='bbox 1164 2736 1262 2777; x_wconf 75' lang='lat' dir='ltr'>plebis</span> <span class='ocrx_word' id='word_1_546' title='bbox 1285 2736 1390 2776; x_wconf 71' lang='lat' dir='ltr'>laudo]</span> <span class='ocrx_word' id='word_1_547' title='bbox 1415 2737 1492 2768; x_wconf 86' lang='lat' dir='ltr'>Nec</span> <span class='ocrx_word' id='word_1_548' title='bbox 1512 2738 1607 2778; x_wconf 84' lang='lat' dir='ltr'>quie-</span> 
     </span>
     <span class='ocr_line' id='line_1_101' title="bbox 909 2785 1606 2828; baseline -0.001 -11"><span class='ocrx_word' id='word_1_549' title='bbox 909 2791 979 2818; x_wconf 80' lang='lat' dir='ltr'>tem</span> <span class='ocrx_word' id='word_1_550' title='bbox 1002 2785 1211 2828; x_wconf 85' lang='lat' dir='ltr'>plebeiorum</span> <span class='ocrx_word' id='word_1_551' title='bbox 1235 2786 1403 2818; x_wconf 85' lang='lat' dir='ltr'>hominum</span> <span class='ocrx_word' id='word_1_552' title='bbox 1428 2786 1541 2822; x_wconf 82' lang='lat' dir='ltr'>laudo.</span> <span class='ocrx_word' id='word_1_553' title='bbox 1565 2795 1606 2817; x_wconf 84' lang='lat' dir='ltr'>eo</span> 
     </span>
     <span class='ocr_line' id='line_1_102' title="bbox 1447 2838 1523 2869; baseline 0 0"><span class='ocrx_word' id='word_1_554' title='bbox 1447 2842 1465 2869; x_wconf 89' lang='grc'><strong>5</strong></span> <span class='ocrx_word' id='word_1_555' title='bbox 1490 2838 1523 2869; x_wconf 90' lang='grc' dir='ltr'>Χ</span> 
     </span>
    </p>
   </div>
  </div>
 </body>
</html>
