1858 3184
254 218 367 262 188⁰

253 322 427 364 cupressni
439 332 514 355 cnm
527 322 712 363 naufrago?
747 323 874 354 Fractis
882 331 952 354 ena-

253 376 303 404 tat
316 382 424 414 exspes
440 373 596 414 Navibus]
621 373 662 404 Id
687 377 752 408 est,
768 371 878 404 fracto
895 382 951 404 ua·

253 421 345 463 vigio
360 422 441 454 etin
456 422 575 453 ultima
586 422 839 462 desperatione.
876 422 951 453 Mo—

253 473 300 504 ris
316 477 391 505 erat
405 473 593 513 antiquitus
617 478 656 504 ut
681 473 716 504 in
731 472 857 504 tabella
873 483 951 514 qua-

253 522 345 561 dam,
369 532 469 564 quam
493 523 503 539 ‘
520 521 700 553 votivam*
717 527 818 554 vocat
844 523 951 553 Hora-

254 573 322 604 tius
338 578 454 604 noster
469 571 529 603 lib.
552 580 592 603 n.
614 571 722 603 serm.
744 570 897 611 naufragi
915 582 951 603 se

254 631 382 662 suaque
394 621 559 662 pericula,
571 626 747 653 ventorum
759 621 877 662 furias,
890 632 952 653 sae-

254 671 371 703 vitiam
397 673 512 711 maris,
535 681 666 704 merces
691 672 843 713 perditas
869 673 951 704 etin

253 731 348 753 mare
363 722 535 763 conjectas
548 722 686 763 depingi
699 723 953 763 permitterent,

253 776 292 803 ut
307 771 380 812 ejus
404 772 454 804 rei
475 772 770 804 commiseratione
795 782 951 814 corroga-

252 827 343 862 rent,
362 822 448 853 lianc
465 821 614 854 tabulam
636 822 744 853 obviis
760 822 952 864 quibusque

251 872 484 904 monstrando.
520 873 578 904 Sic
591 872 751 905 Juvenal.
778 873 850 903 Sat.
877 882 952 905 xiv.

252 921 262 939 ‘
278 922 393 954 Mersa
420 927 494 954 rate
517 921 703 963 naufragus
729 932 838 954 assem
862 923 951 955 Dum

251 978 352 1013 rogat
373 978 409 1005 et
425 973 520 1014 picta
536 982 572 1004 se
588 978 796 1013 tempestate
813 974 952 1005 tuetur.’

252 1023 410 1054 Nunnius.
455 1022 594 1063 Exspes]
614 1023 697 1054 Sine
713 1031 786 1062 spe.
827 1023 954 1054 Fractis

252 1075 360 1105 enatat
377 1082 471 1112 expes
487 1071 645 1111 Navibus]
682 1072 782 1104 Quod
804 1072 952 1103 vocabu-

250 1125 320 1155 lum
341 1124 385 1155 ab
411 1123 554 1155 Horatio
567 1131 748 1162 procusum
763 1123 896 1154 videtur
909 1123 952 1154 ad

251 1173 361 1205 instar
377 1173 508 1212 Graeci,
524 1171 646 1212 νέπους,
667 1171 760 1213 qnod
783 1172 872 1203 idem
888 1177 954 1210 est,

253 1233 293 1255 ac
306 1225 374 1255 sine
386 1225 473 1264 pede.
519 1224 565 1254 Et
581 1223 698 1264 pbocae
725 1226 762 1253 et
786 1222 896 1262 pisces
913 1221 955 1254 ab

251 1273 406 1305 Homero
429 1278 591 1305 vocantur
614 1271 753 1312 νέποδες,
769 1282 835 1303 non
860 1272 953 1313 quod

252 1324 372 1364 phoeae
399 1333 467 1355 non
494 1324 640 1355 habeant
666 1322 784 1363 pedes,
801 1322 860 1354 sed
875 1323 955 1363 quia

251 1372 331 1403 dum
355 1377 486 1412 natant,
514 1377 550 1404 et
566 1372 697 1413 degunt
713 1372 746 1403 in
764 1373 872 1413 aquis,
886 1382 953 1403 non

252 1422 412 1454 videntur
426 1423 512 1454 ulios
526 1422 663 1454 habere.
696 1421 788 1455 Quid
805 1422 894 1452 enim
911 1422 953 1453 ad

251 1482 338 1514 rem,
353 1473 475 1515 inquit,
486 1473 513 1504 si
527 1473 602 1514 quis
615 1482 634 1503 e
650 1481 754 1513 grege
771 1471 953 1511 pictorum,

250 1523 285 1554 in
298 1528 374 1555 arte
385 1533 446 1554 sna
455 1532 572 1564 parum
585 1527 952 1562 versatus,cupressum

251 1572 387 1614 quidem
400 1571 562 1613 effingere
576 1571 665 1603 belle
680 1571 782 1608 norit,
797 1570 858 1602 sed
876 1580 952 1601 cum

250 1623 419 1654 hominem
431 1621 634 1662 naufragum
657 1621 693 1652 in
715 1621 843 1652 tabella
861 1620 953 1661 Nep·

252 1677 336 1703 tuno
346 1671 502 1703 vovenda
514 1670 766 1712 depingendum
779 1671 884 1702 arrhis
896 1680 954 1702 ac·

251 1721 365 1762 ceptis
380 1720 570 1761 susceperit
582 1720 742 1762 penicillo
751 1720 955 1761 exprimere,

232 1771 342 1813 'quod
367 1772 577 1812 praecipuum
599 1776 666 1810 est,
689 1771 834 1808 nesciat,
857 1770 954 1802 nimi·

253 1831 327 1853 rum
354 1821 529 1862 ingentem
557 1826 808 1862 tempestatem,
831 1826 954 1853 ventos

252 1873 399 1903 immane
416 1873 600 1912 spirantes,
614 1873 780 1913 agitatam
790 1882 953 1913 conquas-

250 1927 431 1962 satamque
456 1922 489 1952 in
507 1921 627 1952 mediis
643 1919 802 1952 fluctibus
827 1923 952 1961 navim,

252 1976 289 2002 et
301 1971 456 2002 miserum
473 1971 579 2010 ipsum
590 1971 862 2010 homuncionem,
874 1980 952 2002 ena-

251 2024 397 2060 tantem,
423 2025 460 2051 et
482 2021 516 2051 iu
542 2020 648 2061 aquis,
671 2019 768 2061 quasi
789 2021 862 2061 jam
878 2021 951 2061 jam

252 2070 455 2111 periturum,
471 2079 530 2101 ore
554 2074 688 2101 tantum
713 2076 810 2101 tenus
833 2074 950 2101 extan-

252 2125 335 2159 tem,
351 2120 483 2161 reliquo
506 2128 650 2160 corpore
666 2118 764 2150 undis
779 2119 950 2160 absorpto.

251 2170 332 2203 Hoc
354 2172 429 2203 vult
450 2181 542 2212 expes
569 2171 652 2202 illud
679 2170 828 2202 Horatii.
867 2170 949 2202 Ber-

253 2223 370 2253 nardus
385 2221 535 2253 Martini.

255 2293 258 2295 Δ
273 2280 276 2284 ·
294 2275 336 2303 21
360 2273 438 2304 AEre
451 2273 526 2303 dato
539 2270 593 2312 qui
606 2270 766 2312 pingitur]
800 2270 836 2302 si
852 2270 878 2301 is
891 2271 949 2312 qui

252 2322 407 2364 pingitur
421 2331 490 2353 aare
503 2321 597 2361 dato,
622 2325 739 2352 enatat
754 2330 875 2361 exspes
891 2330 950 2352 na-

253 2374 352 2405 vibus
377 2372 509 2412 fractis,
543 2371 626 2414 (hoe
651 2376 717 2411 est,
748 2371 775 2402 si
803 2372 950 2412 pecunia

253 2423 446 2455 conductus
460 2431 509 2463 es,
529 2416 578 2453 nt*
589 2420 742 2462 naufragi
759 2421 877 2462 pingas
893 2431 948 2453 ca-

252 2484 327 2505 sum
343 2479 380 2505 et
395 2470 537 2512 statum)
559 2471 636 2512 quid
653 2471 732 2502 hoo?
757 2471 891 2504 scilicet
905 2471 948 2503 ad

255 2534 325 2555 rem
342 2523 448 2555 facit:
477 2523 512 2554 id
536 2527 602 2562 est,
627 2521 710 2564 quid
725 2522 849 2554 attinet
863 2527 900 2554 te
915 2523 949 2554 in

253 2575 374 2605 eadem
413 2573 529 2605 tabula
564 2572 707 2614 pingere
741 2581 951 2613 cupressum,

251 2624 380 2665 quippe
410 2624 452 2655 ab
475 2627 676 2664 argumento
706 2622 828 2654 votiva
850 2622 952 2664 liujus'

254 2673 382 2704 tabulae
399 2673 556 2705 alienam.
599 2671 758 2715 Amplior-a
766 2672 869 2713 coepit,
881 2673 951 2714 ξω]

254 2722 428 2763 Allegoria
444 2722 697 2762 metaphorica;
720 2731 798 2753 nam
813 2724 951 2763 ampiioe

254 2781 303 2806 τε
319 2777 495 2814 comparat
508 2772 683 2812 inceptum
700 2782 826 2813 grave:
848 2782 950 2804 urceo

718 228 862 259 NO'PAE
894 227 1157 258 VARIORUM
1191 227 1243 258 IN

1005 320 1139 353 confert
1175 327 1382 361 purpureum
1419 318 1512 351 iilum
1548 324 1699 352 ansatum

1006 381 1164 412 pannum.
1210 370 1383 411 Amphora
1411 369 1460 401 sic
1481 369 1587 408 dieta,
1609 370 1700 412 quod

1006 422 1165 463 utrinque
1189 421 1331 452 haberet
1352 429 1481 460 ansam,
1504 415 1701 462 danosque

1004 471 1153 503 ferretur
1179 471 1343 503 manibus.
1365 471 1524 503 Piscator.
1565 470 1702 511 Amph,

1004 533 1040 554 ra
1055 523 1147 563 coepit
1162 522 1310 564 Institui]
1343 521 1599 553 Diversissimas
1611 520 1702 553 enim

1004 573 1133 604 habent
1163 571 1289 604 formas
1318 572 1480 612 amphora
1507 576 1545 603 et
1569 562 1717 603 urceus-⁵

1005 624 1112 655 Turn.
1141 632 1218 654 xrx.
1244 626 1276 654 9.
1316 631 1421 654 xxiv.
1452 624 1506 653 24.
1543 621 1702 653 Nauius.

1005 674 1162 713 Amphora
1173 671 1281 713 coepit]
1297 673 1366 702 Vas
1383 671 1546 703 vinarium
1561 670 1703 711 grande,

1006 723 1040 756 id
1057 729 1122 762 est,
1140 723 1261 763 poblma
1271 721 1420 763 amplum
1437 726 1473 753 et
1488 720 1618 762 grande
1636 730 1703 752 coe·

1008 774 1059 816 pit
1071 773 1213 805 institui.

1049 827 1091 856 22
1115 823 1269 854 currente
1296 825 1378 858 rota,
1405 820 1476 861 cur]
1519 818 1703 862 Progredi-

1008 880 1087 906 ente
1104 873 1217 915 operis
1234 872 1428 912 scriptione.
1451 870 1604 911 Metaph.
1621 870 1703 902 duc-

1007 929 1043 955 ta
1058 934 1078 955 a
1098 928 1174 954 rota
1187 921 1332 962 figulari.
1384 921 1502 952 Urceus
1514 919 1599 960 exit]
1632 919 1702 953 Vas

1005 973 1176 1013 exiguum,
1202 971 1236 1002 id
1267 975 1334 1009 est,
1356 979 1418 1001 cnr
1442 970 1562 1001 ultima
1587 968 1703 1010 primis

1005 1027 1084 1053 sunt
1111 1019 1321 1053 minutiora?
1364 1019 1461 1060 Exit]
1491 1019 1530 1052 Id
1552 1025 1618 1059 est,
1643 1017 1703 1049 ab·

1007 1072 1161 1103 solvitur.
1699 1085 1701 1087 -

1008 1123 1011 1126 '
1050 1123 1092 1152 23
1118 1119 1262 1160 Denique
1283 1118 1342 1159 sit]
1366 1117 1528 1159 Epilogus
1553 1118 1702 1150 omniurn

1008 1171 1232 1212 superiorum.
1252 1178 1258 1187 ’
1274 1170 1438 1202 Dicamus
1453 1168 1615 1211 quicquid
1630 1168 1706 1200 lici·

1008 1228 1093 1263 tum,
1107 1222 1167 1254 sed
1184 1223 1233 1254 ita
1248 1226 1286 1253 ut
1307 1222 1352 1253 sit
1374 1221 1520 1262 simplex
1537 1226 1573 1252 et
1587 1229 1704 1256 unum.-

1005 1283 1070 1304 non
1092 1271 1111 1305 e
1133 1272 1234 1304 variis
1249 1272 1472 1312 compositum
1484 1275 1526 1303 ‘et
1547 1276 1703 1311 compac-

1006 1330 1091 1356 tum.
1127 1323 1283 1354 Nunnius.
1332 1322 1450 1362 Unum]
1477 1322 1586 1352 Unius
1614 1320 1703 1351 certi

1007 1373 1143 1414 generis
1165 1383 1205 1404 ac
1226 1372 1355 1404 formae.
1401 1372 1542 1408 Quodvis
1555 1369 1704 1412 simplex]
1769 1416 1771 1418 η

1007 1423 1160 1456 Quodvis
1191 1422 1312 1463 poema
1341 1421 1610 1464 quod‘instituis.
1657 1421 1704 1452 Et

1005 1473 1115 1514 unum]
1139 1472 1252 1503 Unum
1267 1480 1404 1512 corpus,
1419 1470 1453 1502 id
1470 1474 1535 1510 est,
1553 1479 1618 1502 una
1633 1479 1704 1500 ma-

1008 1523 1108 1563 teria,
1134 1532 1198 1554 non
1229 1531 1271 1553 ex
1308 1521 1463 1563 partibus
1495 1520 1703 1552 dissimilium

1006 1571 1188 1604 formarum
1204 1572 1404 1614 composita.

1049 1625 1091 1654 24
1114 1622 1261 1654 Maxima
1292 1632 1365 1663 pars
1390 1620 1513 1662 vatum]
1549 1620 1702 1653 Tertium

1007 1679 1240 1714 praeceptum:
1264 1677 1300 1704 et
1319 1673 1354 1704 in
1373 1672 1474 1713 hujus
1489 1671 1702 1714 expositione

1008 1723 1154 1763 primum
1175 1722 1285 1755 utitur
1305 1721 1530 1763 confessione,
1553 1731 1621 1764 qua
1635 1730 1703 1753 non

1008 1773 1114 1804 solum
1137 1772 1226 1812 aliis,
1246 1771 1318 1804 sed*
1333 1772 1378 1804 de
1395 1781 1434 1804 se
1452 1781 1589 1814 qnoque
1603 1771 1703 1813 hujus

1008 1823 1176 1864 praecepti
1192 1822 1406 1854 violationem
1415 1821 1609 1854 confitetur.
1629 1822 1703 1854 De-

1007 1873 1087 1904 inde
1101 1872 1304 1903 sententiam
1325 1871 1548 1904 confessionis
1563 1880 1703 1913 genera-

1006 1924 1086 1962 lem,
1113 1932 1175 1962 per
1191 1923 1339 1964 quinque
1359 1923 1518 1963 exempla
1539 1922 1704 1954 declarat.

1006 1972 1163 2003 Piscator.
1207 1971 1354 2002 Maxima
1366 1979 1441 2012 μιη
1453 1971 1574 2011 vnum]
1598 1972 1631 2003 Ο
1643 1981 1703 2012 pa-

1007 2025 1062 2052 ter
1087 2025 1124 2052 et
1138 2021 1283 2061 juvenes
1307 2025 1408 2061 patre
1433 2020 1538 2061 digni,
1561 2021 1702 2052 Pisones

1006 2070 1176 2110 nimirum,
1204 2079 1279 2109 nos,
1308 2079 1429 2110 magna
1465 2080 1544 2111 pars
1574 2076 1704 2109 vatum,

1005 2119 1207 2159 decipimur,
1219 2121 1283 2151 &c.
1328 2120 1424 2151 Patre
1435 2120 1542 2162 digni]
1565 2120 1702 2162 Signifi-

1005 2175 1060 2201 cat
1075 2179 1133 2201 eos
1156 2169 1329 2210 praeclaris
1352 2170 1503 2211 vestigiis
1529 2172 1638 2211 patris
1651 2172 1703 2203 in-

1004 2220 1145 2253 sistere:
1167 2229 1243 2251 nam
1264 2219 1454 2260 degeneres
1477 2220 1607 2263 indigni
1621 2226 1702 2254 sunt

1003 2270 1070 2302 suis
1084 2269 1280 2311 majoribus.
1303 2270 1462 2302 Piscator.

1045 2322 1086 2351 25
1110 2319 1292 2360 Decipimur
1315 2320 1415 2361 specie
1435 2319 1529 2360 meti]
1556 2319 1613 2353 Ita
1628 2321 1700 2362 ple-

1005 2379 1147 2411 rumque
1168 2369 1222 2409 fit,
1241 2379 1320 2401 cum
1334 2370 1425 2402 inter
1436 2370 1558 2402 ‘vitium
1572 2375 1610 2402 et
1624 2378 1701 2404 rec-

1004 2425 1074 2451 tum
1091 2419 1218 2451 nulium
1237 2420 1282 2452 sit
1303 2420 1462 2452 medium.
1505 2420 1594 2452 Sunt
1609 2421 1699 2453 enim

1005 2469 1158 2511 quaedam
1180 2468 1265 2500 vitia
1293 2469 1345 2500 ita
1372 2467 1487 2501 affinia
1507 2470 1699 2507 virtutibus,

1003 2525 1041 2552 ut
1058 2519 1267 2560 distinguere
1297 2517 1436 2550 difficile
1454 2519 1513 2559 sit,
1537 2521 1698 2562 quemad«

1002 2569 1137 2602 modurn
1165 2570 1175 2587 ‘
1195 2569 1453 2602 iiberalitatem'
1484 2579 1505 2602 ι
1529 2571 1540 2588 ‘
1554 2570 1698 2612 profusi·

1003 2620 1094 2660 one,'
1109 2622 1119 2639 ⁴
1132 2621 1355 2652 severitatem
1366 2619 1376 2633 '
1401 2630 1422 2652 a
1445 2621 1455 2639 ‘
1467 2621 1698 2654 crudelitate-’z

1002 2672 1059 2703 Sic
1081 2671 1241 2704 Juvenal.
1270 2671 1342 2703 Sat.
1368 2679 1444 2704 xiv⁴
1468 2671 1594 2704 ‘Fallit
1605 2672 1697 2704 enisu

1002 2722 1122 2754 vitium
1151 2722 1267 2763 specie
1304 2721 1439 2754 virtutis
1475 2726 1513 2754 et
1548 2721 1697 2754 umbro.¹

1003 2773 1048 2806 Et
1063 2778 1162 2805 notus
1179 2781 1293 2804 versus
1306 2771 1426 2804 Poeta
1435 2771 1543 2804 nostri
1555 2781 1566 2803 ι
1579 2773 1590 2791 ⁴
1602 2771 1695 2804 Dum
