1858 3184
245 199 357 243 1830

704 212 845 244 NO'rAE
877 212 1142 244 VARIORUM
1173 212 1226 243 IN

257 305 308 337 „3
336 303 380 334 Ut
395 307 536 334 matrona
545 303 717 344 meretrici]
730 304 936 344 Perelegans
982 303 1062 336 inde
1078 313 1119 337 ac
1132 293 1320 336 si⁰strictim
1335 308 1372 336 et
1387 303 1430 336 ad
1445 308 1561 338 cutm
1571 315 1678 348 uque

247 353 455 393 comparatio
470 362 595 384 scurrae
609 362 684 384 cum
701 354 938 393 meretrice‚et

247 405 346 438 amici
362 414 438 436 cum
455 409 623 445 matrona,
640 409 676 436 ut
692 409 853 446 quantum
869 415 938 436 ma-

245 459 346 487 trona
365 465 384 486 a
401 455 592 493 meretrice,
608 460 891 487 tautumascurra
905 466 935 486 a·

244 503 350 538 micus
368 503 514 545 differat.
558 504 600 535 In
612 507 766 535 matrona
782 509 817 536 et
830 505 938 536 amico

245 553 328 584 nihil
347 554 515 594 petulans,
529 553 612 584 nihil
628 552 836 594 affectatum,
857 554 939 585 nibil

244 603 397 644 ineptum
413 607 515 644 atque
529 603 804 636 immoderatum:
828 608 863 635 at
872 613 940 634 me-

247 653 362 684 retrici
387 656 424 684 et
449 662 574 684 scurrae
598 653 672 684 haec
698 654 808 685 omnia
827 654 941 685 insunt

246 701 341 734 vitia.
364 702 485 742 Dispar
494 704 554 734 erit
561 706 653 744 atque
667 702 830 743 Discolor]
839 704 938 736 Quod

245 751 352 791 dispar
376 752 472 788 dicit,
498 752 540 784 ad
557 758 710 785 naturam
728 757 828 794 atque
844 753 941 785 indo-

247 800 337 840 lem;
360 802 449 843 quod
473 802 615 842 discolor,
638 803 680 834 ad
704 803 854 835 habitum
871 804 941 835 cul—

249 854 388 891 tumque
404 851 532 884 referre
547 853 659 884 velim.
684 854 827 885 Torrent-

291 903 312 932 4
334 901 495 943 Discolor]
512 903 698 934 Dissimilis
715 904 824 943 vultu,
841 903 943 935 vesti-

249 953 288 982 tu
317 955 354 982 et
384 955 495 990 gestu.
539 951 642 993 Infido
668 961 786 983 sourroe
814 953 944 984 distabit

248 999 379 1041 amicus]
399 1000 456 1032 Sic
478 1001 608 1032 amicus
633 1000 777 1034 distabit
793 1012 813 1034 a
828 1012 945 1034 scurra

253 1047 394 1080 infideli.

295 1101 315 1128 5
339 1098 401 1128 Est
415 1098 488 1133 huic
501 1098 672 1138 diversum]
694 1099 892 1140 Opponitur
906 1110 949 1131 ex

252 1146 423 1178 diametro
457 1147 640 1179 scurrilitas
674 1150 851 1189 asperitati
879 1159 949 1182 mo-

253 1206 348 1228 rum:
372 1197 492 1229 vitium
518 1197 614 1238 vitio,
631 1203 820 1231 extremum
837 1206 951 1232 extre-

254 1256 326 1278 mo:
349 1248 514 1286 asperitas
532 1249 620 1279 enim
646 1249 765 1290 culpat
788 1259 856 1282 non
881 1253 952 1284 cul-

251 1295 378 1336 panda,
388 1297 573 1328 scurrilitas
584 1307 664 1328 vero
676 1299 794 1330 laudat
803 1310 867 1332 non
879 1302 949 1333 lan-

251 1345 386 1377 danda:
413 1350 449 1376 at
478 1346 585 1377 virtus
606 1352 658 1377 est
683 1348 830 1381 medium
853 1351 948 1382 vitio·

251 1404 339 1427 rum.
384 1396 486 1435 Prope
506 1395 620 1436 nmjus]
636 1397 789 1428 Scurrari
805 1408 949 1441 namque

251 1445 463 1486 plausibilius
487 1451 646 1486 apparet,
668 1451 704 1478 et
729 1447 854 1489 aliquid
877 1459 948 1490 prae

253 1504 291 1527 se
319 1493 408 1525 ferre
434 1495 670 1535 humanitat183
702 1497 761 1528 sed
792 1507 948 1539 asperum

254 1554 343 1584 esse,
370 1545 518 1578 minime.
551 1546 649 1586 Cruq.
711 1546 832 1579 Vitium
854 1558 951 1589 prope

253 1593 370 1634 mqy‘us]
397 1594 582 1626 Lambinus
610 1595 814 1635 particulam
839 1601 871 1629 et
899 1598 953 1629 in-

255 1644 408 1684 terserit,
446 1653 486 1675 ac
522 1644 608 1685 legit
644 1645 757 1678 vitium
791 1650 824 1678 et
860 1658 953 1689 prope

255 1692 370 1732 nujus,
389 1699 512 1725 contra
538 1695 782 1735 exemplarium
807 1698 954 1730 omnium

254 1741 371 1774 fidem.
397 1743 541 1775 Torreat.

298 1795 322 1824 6
354 1793 519 1833 Asperitas
546 1794 698 1834 agrestis]
727 1794 805 1827 Hoc
836 1795 955 1827 vitium

231 1845 239 1853 ’
260 1843 411 1876 Joannes
436 1843 601 1875 Jovianus
627 1845 804 1877 Pontanus
823 1845 882 1877 lib.
898 1854 958 1877 111.

259 1891 303 1923 de
331 1891 508 1931 Sermone,
539 1894 549 1910 ‘
568 1893 787 1925 scurrilitati’
819 1895 956 1934 opposi-

259 1946 343 1980 tum,
367 1942 621 1980 ‘agrestitatem
634 1941 643 1954 ’
666 1943 839 1983 appellare
855 1952 957 1974 ausus

260 1993 315 2021 est
325 1999 336 2021 ι
351 1989 443 2020 inter
457 1998 534 2030 quae
554 1990 664 2021 media
679 1991 722 2022 sit
736 1992 747 2009 ‘
760 1990 922 2023 facetudo
935 1992 957 2024 κ’

261 2038 358 2074 addit
378 2039 507 2080 longius
529 2040 637 2072 multo
659 2049 679 2071 a
701 2040 814 2072 media
828 2041 957 2074 distare

261 2088 457 2130 ‘agi-estes:
479 2099 578 2130 quam
605 2099 688 2130 quos
708 2090 718 2106 ⁴
732 2091 887 2122 scurras’
911 2092 959 2122 di·

261 2139 388 2172 cimus:
410 2140 459 2171 bis
474 2140 562 2171 enim
577 2140 711 2171 modum
724 2141 958 2173 tantummodo

263 2200 304 2222 ac
317 2199 509 2222 mensuram
523 2190 661 2222 deesse:
679 2190 827 2222 adhibita
844 2192 958 2234 itaque

264 2241 424 2272 cautione
448 2240 560 2280 aliqua
583 2238 715 2272 facetos
738 2240 812 2272 fieri
828 2252 838 2272 τ
867 2242 958 2283 quod

263 2297 385 2322 nomen
401 2291 450 2322 illi
465 2299 604 2332 sperare
621 2291 678 2322 vix
698 2301 854 2333 umquam
882 2302 959 2333 pos-

265 2340 346 2373 sint.
367 2341 510 2373 Torrent-
555 2341 735 2383 Asperitas]
761 2343 848 2374 Fera
867 2353 958 2384 quae·

266 2390 342 2421 dam
362 2390 501 2423 duritia.
541 2390 746 2431 Inconoiuua]
770 2392 935 2425 Insuavis.

308 2443 327 2471 7
354 2440 455 2472 Tom
480 2443 560 2477 oute,
584 2441 728 2473 dentibus
752 2442 847 2482 atris]
880 2442 959 2474 Non

268 2489 380 2530 placet
395 2490 524 2522 Mureti
539 2496 576 2527 et
589 2491 741 2523 Lambini
755 2492 885 2532 opinio,
899 2502 960 2533 per

266 2542 388 2570 tonsam
397 2543 496 2571 cutem
505 2541 610 2571 totius
625 2541 776 2582 corporis
790 2542 960 2574 horridam

269 2589 448 2630 quamdam
461 2591 682 2630 asperitatem
694 2591 858 2632 intelligi;
871 2591 961 2623 unde

268 2638 372 2670 durus
401 2639 465 2670 iste
494 2645 532 2671 et
566 2640 793 2673 intractabilis
829 2641 963 2674 landem

270 2692 457 2728 aucupetur
473 2699 481 2719 ε
499 2689 557 2720 sed
575 2690 616 2720 ad
634 2686 824 2723 libertatem
841 2691 965 2732 potius,

270 2746 335 2779 qua
349 2746 385 2768 se
396 2737 550 2778 jactitet,
568 2738 785 2773 referendum
798 2748 851 2773 est
865 2751 873 2773 z
887 2751 964 2783 per·

986 353 1150 394 radendo,
1179 354 1269 394 quod
1298 353 1333 385 ἐν
1354 355 1422 395 χρᾷ
1443 355 1545 396 ξυρεῖν
1561 353 1678 388 dicunt

986 403 1114 443 Graeci,
1138 403 1221 434 nibil
1245 407 1303 435 aut
1326 404 1361 435 in
1384 413 1434 444 se,
1449 409 1508 436 aut
1522 404 1556 436 in
1570 403 1680 436 ausim

987 453 1060 484 vitii
1075 452 1177 491 ferat,
1191 463 1266 484 cum
1279 457 1370 485 atros
1384 454 1518 485 interea
1529 453 1684 485 rodendo

987 501 1109 534 dentes
1122 507 1293 534 exerceat.
1310 502 1453 534 Torreat.
1488 502 1589 534 Tam
1602 505 1686 542 cide,

987 552 1128 583 dentibus
1139 552 1233 592 atris]
1248 553 1392 584 Hirsuto
1405 553 1558 594 corporis
1572 552 1687 594 squal-
1717 548 1723 554 '

988 603 1072 633 lore.
1117 602 1206 633 Nam
1237 612 1310 642 quae
1343 602 1541 643 tondentur,
1575 602 1683 642 pilosa

990 657 1071 683 sunt
1099 657 1135 683 et
1161 652 1311 683 hirsuta:
1337 652 1389 683 vel
1412 657 1511 683 tonsa
1534 656 1633 690 cute,
1646 650 1682 682 id

989 706 1055 742 est,
1066 701 1215 732 radendo
1225 702 1365 732 amicum
1376 711 1484 743 usqne
1498 700 1540 732 ad
1557 705 1688 739 cutem,

989 751 1038 782 sic
1062 760 1137 782 eum
1153 751 1251 782 nimis
1267 750 1397 782 duriter
1412 749 1622 790 castigando,
1637 748 1685 780 id-

991 810 1056 843 que
1087 800 1168 832 atris
1198 800 1370 839 dentibus,
1399 799 1435 831 id
1462 806 1529 841 est,
1559 798 1686 840 agresti

991 849 1228 882 mordacitate·

1034 904 1054 933 8
1088 902 1173 933 Dum
1200 901 1283 942 vult]
1314 901 1407 933 Dum
1436 901 1496 933 illa
1519 900 1686 941 asperitas

994 951 1067 982 vult
1096 951 1258 982 nominari
1287 951 1442 983 libertas.
1485 951 1579 982 Mera
1605 949 1687 989 dici]

994 1000 1078 1032 Mss.
1103 1010 1232 1040 omnes-3,
1255 1000 1332 1032 Dici
1359 1010 1445 1032 mera
1467 1009 1599 1039 veroque
1623 999 1689 1030 oir-

994 1053 1044 1080 tus
1056 1060 1069 1087 ;
1091 1050 1179 1090 quod
1205 1059 1266 1081 cur
1290 1050 1448 1081 Lambino
1463 1048 1690 1089 displicuerit.

996 1099 1125 1130 nescio.
1163 1099 1296 1130 Tritum
1309 1103 1437 1137 autemj
1449 1097 1511 1129 sed
1526 1098 1690 1138 pulcerri-

997 1157 1086 1179 mum
1103 1147 1193 1188 quod
1218 1148 1386 1189 sequitur,
1403 1147 1513 1179 Virtus
1533 1149 1581 1181 eat
1594 1146 1692 1179 medi-

997 1208 1049 1229 um
1071 1197 1217 1229 vitiorum
1229 1207 1242 1234 ,·
1265 1197 1324 1228 uti-
1340 1201 1376 1228 et
1398 1205 1425 1229 1.
1449 1197 1524 1228 Ser.·
1546 1198 1579 1229 2.
1601 1196 1612 1213 ‘
1626 1196 1691 1229 Est

997 1247 1118 1279 modus
1133 1248 1167 1279 in
1186 1246 1312 1279 rebus!
1338 1247 1481 1279 Torreat.

1041 1300 1061 1328 9
1087 1297 1242 1338 Utrinque
1266 1296 1441 1336 reductum]
1464 1295 1520 1327 Ab
1545 1300 1691 1336 utroque

998 1352 1163 1381 extremo,
1180 1346 1214 1377 id
1229 1350 1292 1385 est,
1311 1355 1466 1381 excessu,
1490 1343 1527 1377 et
1549 1343 1692 1376 defectu

999 1400 1176 1426 remotum.

1042 1447 1082 1475 10
1103 1444 1196 1476 Alter
1213 1443 1262 1484 in]
1279 1442 1465 1476 Blandiens
1480 1452 1608 1476 scurra.
1630 1442 1697 1474 Inui

999 1492 1133 1524 Derisor
1145 1493 1235 1534 lecti]
1244 1492 1402 1524 Videnda
1413 1502 1490 1534 quae
1502 1491 1693 1524 notavimus

998 1551 1040 1574 ιι.
1053 1543 1125 1574 Sat.
1138 1545 1169 1574 7.

1044 1594 1083 1624 ll
1107 1592 1241 1624 Derisor
1253 1592 1342 1633 lecti]
1365 1591 1433 1626 Qui
1454 1602 1491 1623 se
1506 1591 1642 1624 deridet
1654 1596 1694 1622 et

1001 1642 1155 1683 ejitsdem
1183 1642 1311 1674 ordinis
1338 1642 1490 1674 homiues
1519 1643 1555 1673 in
1581 1641 1697 1673 infima

1002 1697 1100 1733 parte
1118 1693 1199 1724 lecti
1213 1692 1466 1725 accumbentes.
1511 1692 1633 1723 Natum
1647 1691 1698 1723 dn·-

1002 1741 1079 1773 vitis
1093 1741 1214 1782 horret]
1236 1742 1313 1774 Hoc
1328 1748 1394 1779 est,
1408 1750 1538 1774 summa
1552 1740 1698 1782 quadam

1006 1792 1225 1823 veneratione
1250 1792 1420 1830 observat,
1439 1800 1518 1825 cum
1539 1795 1632 1824 totns
1653 1790 1700 1823 ab

1006 1850 1048 1872 eo
1070 1841 1276 1881 dependeat.
1318 1841 1374 1872 Sic
1393 1840 1481 1872 enim
1499 1839 1700 1873 vocabulum

1005 1890 1015 1906 ‘
1027 1889 1191 1928 horrere,'
1204 1899 1280 1920 cum
1290 1889 1334 1920 de
1350 1890 1454 1920 sacris
1468 1889 1593 1930 agitur,
1606 1898 1700 1930 sepe

1006 1938 1117 1978 accipi
1144 1937 1226 1968 alibi
1249 1937 1408 1969 diximus.
1453 1938 1701 1978 Virg.AEneid.

1006 1996 1058 2019 vi.
1095 1987 1106 2003 ‘
1118 1985 1380 2027 Horrendaeque
1418 1987 1537 2027 procul
1565 1993 1700 2020 secreta

1005 2036 1169 2078 Sibynaee
1202 2038 1340 2068 Lucret.
1355 2037 1414 2069 lib.
1429 2045 1488 2069 ιιι.
1509 2039 1520 2056 ⁶
1535 2037 1701 2070 Quaedm

1006 2087 1119 2118 divina
1127 2088 1284 2127 voluptas
1292 2086 1436 2127 Perciit,
1445 2092 1547 2128 atque
1555 2087 1674 2120 horror
1680 2087 1703 2127 ;'

1007 2137 1042 2168 id
1064 2140 1128 2175 est,
1153 2136 1274 2176 ingens
1287 2136 1442 2177 quaedam
1458 2136 1653 2176 admiratio,
1665 2144 1702 2169 ut

1008 2191 1103 2219 recte
1115 2186 1362 2226 interpretatus
1374 2191 1428 2218 est
1441 2186 1612 2220 Gifanius.
1627 2187 1703 2220 Tor-

1006 2243 1088 2272 rent.
1132 2239 1270 2280 Horret]
1287 2239 1438 2271 Horrere
1454 2250 1491 2271 se
1505 2239 1616 2281 fingit.

1051 2293 1090 2322 12
1101 2289 1155 2322 Sic
1166 2290 1261 2321 iterat
1275 2289 1377 2330 voces]
1391 2290 1449 2321 Sic
1465 2291 1591 2330 repetit
1602 2299 1702 2322 voces

1007 2339 1122 2371 divitis
1139 2339 1234 2381 quasi
1255 2339 1433 2371 admirans.
1477 2339 1578 2371 Iterat
1599 2340 1703 2380 voces]

1007 2390 1057 2422 Ut
1072 2390 1231 2422 videlicet
1247 2390 1335 2431 quod
1355 2399 1416 2421 rex
1427 2390 1474 2422 ait
1486 2395 1523 2421 et
1535 2390 1609 2430 ipse
1621 2390 1704 2427 aiat,

1008 2446 1178 2482 negetque
1196 2440 1292 2482 ,quod
1319 2445 1437 2481 negat,
1462 2445 1632 2481 tamquam
1649 2440 1706 2472 od-

1008 2492 1132 2523 mirans
1159 2490 1342 2530 hominem,
1358 2489 1448 2521 unde
1461 2494 1499 2521 et
1513 2495 1707 2523 assentato-

1010 2541 1055 2571 ris
1070 2549 1190 2571 nomen
1206 2538 1361 2571 «influxit.
1386 2548 1524 2579 semper
1547 2540 1635 2572 enim
1660 2539 1704 2572 ad

1010 2591 1149 2622 alterius
1167 2590 1373 2621 voluntatem
1389 2590 1471 2630 agit,
1483 2589 1584 2631 eique
1604 2597 1704 2630 qnam

1011 2640 1198 2672 simillimus
1227 2639 1331 2671 vitiis.
1358 2639 1501 2673 ramat.
1549 2638 1706 2671 *Oudoura

1012 2689 1110 2729 tollit]
1131 2688 1248 2720 Verba
1271 2697 1314 2720 ex
1341 2698 1400 2720 ore
1423 2688 1539 2720 divitis
1562 2688 1705 2722 inconsi-

1013 2741 1129 2774 derate
1147 2739 1340 2772 excidentia
1356 2749 1419 2781 pro
1427 2739 1602 2779 mirandis,
1611 2738 1705 2780 qnasi
