1858 3184
568 286 630 323 ·Q.
672 284 880 316 ι-ιοιιᾼτιι
922 283 1113 316 FnAcci.
1455 273 1570 315 2003

130 382 297 435 original
316 382 484 422 Poems:
496 382 690 434 together
702 382 800 421 with
819 387 948 427 notes,
968 379 1133 426 critical,
1162 378 1381 426 hietorical,
1402 379 1481 418 and
1499 394 1568 420 ex..

131 444 348 499 planatory
378 447 437 499 By.
450 445 624 485 William
643 445 803 485 Tasker.
827 442 1002 483 London.
1014 444 1060 480 8.
1082 441 1272 493 Dodsley.

190 511 291 551 1783
318 510 402 549 The
426 510 498 548 Art
515 510 559 548 of
589 509 744 560 Poetry,
775 521 824 547 an
845 506 995 559 Epistle
1019 512 1067 544 to
1086 506 1152 544 the
1171 505 1299 545 Pisos.
1332 487 1566 545 Translated

130 573 228 618 from
266 574 433 613 Horace.
489 573 598 612 With
629 579 758 612 notes.
805 571 864 622 By
902 570 1059 620 George
1096 568 1275 608 Colman.
1310 568 1488 609 London.
1524 571 1562 607 4.

131 635 284 683 cadell.

644 778 646 780 ’
682 793 1009 834 HisPANmAE.

132 884 158 898 ‘'
181 888 277 935 1591
299 891 360 936 Q.
382 891 532 930 Horatii
553 891 684 931 Flacci
703 892 779 930 Ars
800 891 956 943 poetica
975 888 1188 940 Espanola,
1209 901 1277 941 per
1296 890 1489 931 Vincente
1509 891 1559 931 de

122 950 296 1005 Espiuql.
314 954 430 1006 Apud
450 955 599 994 Ludov.
617 956 808 995 Sanchez.
828 953 1003 994 Madriti.
1025 954 1063 992 8.

178 1017 280 1060 1592
309 1017 356 1056 El
375 1018 469 1057 Arte
486 1018 644 1058 Poetica
659 1018 709 1058 de
729 1018 908 1065 Horatio,
931 1016 1134 1056 traduzida
1153 1017 1202 1056 de
1224 1018 1334 1058 Latin
1366 1031 1415 1057 en
1435 1019 1560 1072 Espa-

93 1112 99 1116 .
125 1081 190 1119 nol
209 1094 282 1134 por
300 1081 391 1122 Don
410 1082 502 1120 Luis
523 1082 682 1133 Zapata.
714 1083 774 1120 En
795 1083 951 1129 Lisboa‚
980 1095 1019 1131 p.
1055 1080 1280 1120 Alexandro
1310 1082 1360 1122 de
1393 1083 1560 1134 Syquei·

124 1153 181 1182 ra.
199 1147 240 1183 4.

130 1216 135 1221 ⁴
181 1207 293 1246 1599·
312 1208 360 1254 Q.
380 1207 545 1246 Horatio
563 1207 719 1254 Flacco,
753 1208 876 1246 Poeta
908 1208 1046 1260 Lyrico
1068 1207 1220 1254 Latino,
1255 1221 1321 1247 sus
1343 1208 1485 1255 Obras,
1508 1222 1557 1247 en

122 1269 268 1321 lengun
287 1270 536 1313 Castellana:
565 1283 635 1322 por
653 1271 690 1309 el
719 1271 848 1310 Johan
868 1271 1014 1311 Willen
1034 1271 1084 1311 de
1110 1271 1288 1311 Biedma.
1306 1285 1375 1325 per
1394 1273 1487 1312 Seb.
1508 1272 1558 1311 de

124 1333 258 1373 Mena.
278 1333 455 1381 Granad.
474 1334 501 1372 f.

124 1390 129 1396 ‘
161 1397 277 1435 ·1682
306 1396 433 1437 obras
454 1397 503 1435 de
523 1398 573 1442 Q.
595 1397 759 1436 Horatio
780 1398 938 1444 Flacco,
969 1397 1196 1437 traducidas
1225 1410 1274 1436 en
1291 1410 1409 1449 prosa
1429 1398 1556 1450 Espa-

119 1459 224 1506 nola,
238 1473 313 1499 eon
332 1466 599 1512 argumentos,
629 1461 825 1513 promes
845 1475 869 1513 y
887 1468 1002 1501 notas
1031 1475 1081 1501 en
1101 1460 1137 1500 el
1155 1461 1294 1500 mismo
1322 1461 1468 1500 idioma
1485 1475 1558 1514 por

123 1523 216 1562 Urb.
237 1523 422 1577 Campos,
442 1524 560 1563 Leon.
581 1526 620 1563 8.

173 1587 275 1625 1783
304 1578 474 1629 H'oracio
504 1587 678 1639 Espanol
710 1601 733 1626 o
752 1588 914 1627 Poesias
945 1588 1089 1627 Liricas
1111 1587 1159 1626 de
1194 1589 1343 1633 Quinto
1364 1590 1550 1637 Horacio,

117 1649 344 1690 ‘traducidaa
362 1665 433 1703 por
452 1652 488 1689 el
508 1651 634 1690 Padre
654 1651 812 1690 Urbano
829 1651 1015 1703 Campos,
1029 1651 1239 1690 ilustradas
1252 1666 1278 1704 y
1296 1653 1553 1692 aumentadas

117 1725 188 1765 por
206 1714 243 1751 el
261 1713 389 1754 Padre
410 1714 500 1752 Luis
521 1715 719 1765 Minguez.
741 1714 900 1752 Madrit.
919 1716 967 1762 82
978 1727 1041 1765 ap.
1062 1714 1234 1753 Sancha.

173 1776 318 1815 Matth.
338 1778 556 1822 Alemanni,
574 1777 743 1828 Philippi
764 1789 819 1814 11.
851 1776 1020 1827 Hispan.
1052 1775 1174 1827 Regis
1195 1776 1344 1814 Secret.
1376 1776 1554 1828 Algunas

116 1837 384 1878 Traduciones
414 1839 465 1877 de
499 1839 670 1877 Horacio
705 1852 747 1878 se
773 1838 920 1878 vidisse
946 1838 1048 1878 Mss.
1069 1839 1184 1878 refert
1218 1839 1270 1878 D.
1289 1839 1460 1879 Thomas
1479 1841 1554 1880 Ta-

118 1901 259 1941 maius.
282 1902 397 1944 Conf.
417 1902 506 1942 Nic.
524 1902 683 1941 Antonii
703 1902 806 1941 Bibl.
827 1902 996 1953 Hispan.
1015 1902 1126 1942 Tom.
1148 1915 1202 1942 11.
1222 1915 1261 1953 p.
1283 1903 1350 1943 92.
1364 1962 1377 1974 .

726 2051 946 2091 GRAECAE.

119 2177 122 2179 -
173 2150 274 2189 1600
301 2150 352 2195 Ω.
373 2119 525 2190 Horatii
557 2148 688 2188 Flacci
709 2149 876 2188 Carmen
899 2147 1082 2187 Seculare
1099 2153 1140 2186 et
1165 2148 1346 2200 Hymnus
1365 2149 1403 2187 in
1430 2150 1552 2201 Apol-

110 2209 232 2251 ·linem
249 2225 295 2252 ac
315 2212 497 2260 Dianam,
518 2212 668 2252 Graecis
702 2212 910 2265 Sapphicis
931 2225 955 2251 a
973 2212 1020 2252 F.
1040 2211 1207 2251 Morello
1226 2213 1392 2252 reddita.
1430 2214 1550 2266 Apud

114 2275 211 2315 Fed.
233 2276 374 2316 Morel.
390 2277 520 2315 Lutet.
539 2279 579 2315 4.

171 2343 271 2382 1607
301 2341 464 2389 Eadem,
484 2343 578 2382 ibid.

111 2418 115 2422 ’
170 2406 268 2443 1617
300 2405 349 2449 Ω.
369 2405 555 2444 Horatius
575 2406 756 2452 Flaccus,
775 2407 825 2444 ab
846 2406 955 2444 omni
988 2404 1241 2443 obscoenitate
1270 2411 1475 2455 purgatus,
1496 2386 1548 2444 ad

116 2477 231 2504 usum
263 2469 548 2518 gymnasiorum
568 2468 710 2507 Societ.
730 2469 854 2512 Jesu;
884 2467 976 2506 Aldi
997 2466 1165 2505 Manutii
1194 2466 1244 2503 de
1263 2466 1401 2505 Metris
1421 2468 1550 2508 Hora·

114 2527 246 2575 nanis,
263 2535 304 2567 et
321 2531 420 2569 Odoe
441 2531 602 2582 aliquot,
622 2531 704 2571 vid.
721 2534 786 2572 21.
807 2538 846 2570 et
863 2534 930 2570 24.
965 2530 1070 2568 Libr.
1090 2542 1122 2566 1.
1143 2536 1184 2566 et
1203 2528 1291 2568 Ode
1311 2531 1349 2569 6.
1372 2531 1474 2576 Libr.
1496 2545 1545 2571 11.

115 2595 155 2629 et
174 2591 302 2630 Carm.
322 2592 494 2632 Secular.
515 2594 649 2633 aFed.
669 2595 832 2634 Mox-ello
853 2595 994 2633 Graece
1015 2591 1154 2631 eodem
1187 2606 1328 2643 genere
1349 2608 1450 2637 vers.
1464 2596 1543 2677 lyr.

113 2653 291 2693 redditae.
338 2655 455 2707 Apud
474 2657 566 2696 Joh.
586 2658 726 2698 Libert.
746 2659 871 2697 Paris.
896 2659 956 2695 12.

167 2716 219 2760 Q.
239 2717 388 2758 Horatii
409 2718 539 2759 Flacci
570 2721 766 2768 Carmina,
786 2722 926 2760 Graece
951 2721 1136 2773 paritum
1163 2735 1342 2770 numero,
1361 2729 1442 2762 tum
1460 2736 1542 2762 me-

111 2785 173 2819 tro
192 2793 305 2821 versa
323 2794 347 2820 a
377 2782 468 2822 Joh.
490 2784 715 2833 Benedicto,
738 2784 924 2824 Medico
914 2797 953 2823 ιιι
986 2785 1110 2825 Acad.
1143 2786 1311 2827 Salmur.
1344 2787 1406 2826 Ob
1425 2800 1541 2840 quam
