1858 3184
246 232 359 274 1792

248 338 413 367 testatore
429 333 627 376 cuicumque
651 335 784 376 petenti
808 336 940 376 aperire

239 385 339 426 jubet
365 384 502 416 tabulas
528 389 678 425 praetor:
703 395 778 426 qnae
796 394 874 416 vere
891 389 943 416 ta-

246 435 333 467 bulae
348 443 414 466 nou
430 433 601 472 dicuntur,
625 433 690 465 nisi
707 436 852 475 signatae
868 444 942 475 sep-

245 492 315 520 tem
338 487 479 519 testium
501 486 618 527 signis,
648 486 706 527 qui
730 486 808 517 hine
838 487 941 517 etiam

242 539 253 556 ‘
269 538 462 579 signatores
473 536 481 550 '
495 536 709 568 dicebantur.
732 536 826 567 Bene
837 536 941 576 igitur

245 588 426 627 Horatius,
447 596 523 619 cum
537 586 619 617 nihil
636 585 726 617 aliud
744 585 789 616 sit
814 586 824 603 ‘
837 586 942 625 resig-

245 636 351 677 nare,'
367 646 466 678 quam
482 634 572 677 quod
592 636 759 676 signatum
785 639 836 666 est
862 644 941 675 ape-

245 687 322 717 rire.
346 685 445 718 Quod
460 694 542 716 vero
557 695 633 716 mox
651 684 804 726 sequitur
819 686 828 703 ‘
840 693 940 715 eunc-

246 742 283 768 ta
311 734 470 776 resigno:
485 738 522 767 et
539 743 596 766 ιιι.
613 735 682 765 Od.
697 737 751 765 29.
779 734 790 750 ‘
805 733 942 773 resigno

244 795 322 827 quae
335 783 454 823 dedit:
467 784 578 825 potius
592 783 633 814 ad
650 783 842 815 litterarum
857 782 942 813 obli-

244 834 391 876 gationis
407 839 466 865 aut
482 833 674 865 donationis
699 833 832 864 tabulas
849 837 941 863 retu-

244 885 355 917 lerim.
400 884 649 916 contractuum
672 884 759 913 enin·
784 891 940 923 quorum·

245 943 390 975 cumque
405 934 632 965 instrumenta
649 934 777 973 scripto
795 942 940 974 concep-

245 988 294 1021 ta,
308 985 318 1001 ‘
332 983 463 1015 tabulas
475 983 484 997 '
512 984 739 1026 appellamus,
761 989 798 1014 ut
813 982 856 1014 de
873 992 940 1014 ma-

245 1033 403 1065 trimonio
418 1033 577 1066 Juvenal.
602 1033 772 1073 ‘Signatae
803 1032 942 1073 tabulae,

244 1083 375 1114 dietum
388 1081 561 1114 feliciter!
587 1082 729 1113 Torrent-
766 1082 942 1113 Testamen-

244 1132 294 1172 ta]
316 1132 536 1162 Testamenta
563 1131 675 1171 aperit
697 1137 775 1171 post
798 1135 942 1162 mortem

247 1181 434 1212 testatoris.

290 1232 330 1261 10
356 1230 446 1266 Quod
461 1230 489 1261 si
504 1228 627 1269 bruma]
650 1229 734 1260 Vult
757 1229 942 1261 Lambinus

245 1280 448 1319 particulam
463 1279 492 1309 si
514 1279 579 1310 hoc
596 1279 669 1309 loco
685 1288 754 1309 non
776 1278 944 1310 conditio·

243 1339 332 1369 nem,
347 1329 407 1360 sed
419 1335 554 1370 tempus
566 1328 759 1369 significare
774 1339 782 1359 ε
800 1330 943 1369 perinde

244 1389 284 1410 ac
302 1380 330 1410 si
347 1379 510 1411 dixisset:
535 1378 546 1396 ‘
558 1379 640 1411 Cum
665 1379 781 1410 bruma
797 1379 944 1411 advene·

246 1428 316 1460 rit.'
333 1434 368 1460 et
393 1429 443 1460 ita
458 1428 592 1470 quidem
603 1428 787 1460 'modestiae
811 1437 945 1467 caussa,

245 1480 290 1511 ob
316 1479 395 1511 vitae
419 1478 595 1520 futurique
617 1479 780 1519 temporis
803 1478 944 1509 incerti-

246 1529 414 1567 tudinem,
436 1538 529 1570 saepe
551 1528 781 1570 loquebantur
803 1529 944 1570 antiqui.

246 1579 343 1620 Virg.
353 1587 389 1610 v.
401 1583 410 1597 ‘
421 1578 596 1610 Praeterea
612 1578 640 1608 si
650 1587 739 1609 nona
753 1577 842 1609 diem
858 1587 944 1609 mor·

247 1629 376 1660 talibus
422 1629 546 1660 almum
584 1627 719 1659 Aurora
763 1628 946 1659 extulerit.’

247 1679 387 1710 Mallem
405 1684 518 1710 tamen
533 1678 588 1709 liic
604 1678 837 1710 conditionem
853 1688 943 1710 esse:

247 1733 283 1759 ut
306 1729 361 1769 qui
393 1728 467 1761 dies
489 1732 623 1759 tantum
645 1727 794 1769 quinque
817 1728 886 1759 ruri
907 1737 943 1760 se

247 1776 444 1809 abfuturum
473 1776 646 1817 pollicitus
668 1776 785 1813 fuerit,
812 1781 850 1808 et
870 1777 944 1817 jam

249 1833 324 1858 toto
353 1836 469 1857 mense
499 1826 725 1864 desideretur,
752 1826 855 1858 etlam
887 1836 945 1858 au-

249 1882 366 1907 tumno
389 1885 427 1906 se
450 1884 662 1906 emansurum
690 1875 807 1913 dicat;
835 1885 945 1916 neque

247 1927 311 1957 hoc
331 1926 451 1963 solum,
471 1923 532 1954 sed
549 1927 584 1954 et
598 1924 706 1954 hieme
731 1928 806 1954 tota
820 1924 945 1955 Taren·

249 1981 337 2015 tum,
350 1978 409 2006 aut
424 1974 489 2005 alio
505 1973 548 2004 ad
565 1982 670 2013 mare,
693 1972 750 2004 ubi
776 1972 836 2004 aer
859 1979 945 2004 tem-

249 2025 398 2066 peratior
420 2024 478 2063 sit,
498 2023 679 2060 abiturum,
695 2023 722 2052 si
747 2022 835 2053 ibrte
858 2023 944 2055 locis

248 2076 364 2107 Romae
387 2074 507 2105 vicinis
529 2073 641 2104 nivem
657 2071 778 2112 jacere
793 2073 944 2112 contige-

250 2125 315 2156 rit:
339 2123 388 2155 sic
399 2123 488 2155 enim
500 2122 650 2154 Albanos
663 2122 719 2153 hic
731 2131 832 2163 agros
846 2123 943 2154 iutel-

248 2175 340 2214 ligo:
366 2179 417 2213 nt,
441 2173 451 2191 ‘
466 2172 685 2213 Albanasque
712 2172 834 2203 timent
849 2182 944 2204 secu-

249 2224 328 2257 res!
352 2224 441 2255 Tor-r.
486 2222 609 2262 Illinet]
633 2222 818 2263 Aspen-get.

301 2277 339 2306 11
367 2275 420 2306 Ad
434 2283 518 2305 mure
539 2272 716 2313 descendet]
740 2272 795 2303 Ad
825 2271 944 2304 civita-

249 2329 320 2356 tem
345 2324 556 2355 maritimam.
605 2323 700 2355 Votes
725 2323 811 2364 tuus]
836 2322 945 2354 Hora-

251 2374 331 2406 tius.
581 2415 586 2419 ἧ

294 2427 333 2455 12
351 2423 593 2464 contractusque
607 2423 704 2463 leget]
728 2424 856 2454 Parcus
877 2422 946 2454 erit

251 2475 284 2505 in
298 2474 453 2515 legendo.
474 2473 629 2514 Metaph.
638 2474 741 2505 ducta
754 2484 774 2505 a
785 2473 944 2512 navigan-

252 2524 356 2563 tibus,
371 2525 429 2564 qui
446 2533 527 2554 vasa
542 2524 756 2560 contrahunt,
773 2517 942 2563 ut‘effugi-

252 2577 311 2604 ant
325 2571 551 2612 naufragium.

295 2624 335 2653 13
352 2623 397 2652 Et
412 2621 591 2663 hirundine]
616 2623 706 2653 Vere
721 2621 870 2657 ineunte,
886 2631 944 2653 cu-

245 2673 303 2713 jus
333 2677 385 2702 est
408 2671 552 2702 hirundo
578 2672 708 2716 nuntia.
766 2671 945 2703 Hir-andins

250 2721 367 2762 primu]
407 2721 535 2752 Notum
569 2721 783 2760 proverbium
812 2721 944 2753 Graecis

252 2772 382 2813 pariter
399 2775 434 2801 et
451 2769 580 2802 Latinis
598 2776 814 2810 ‹isin-patum:
849 2772 857 2788 ‘
870 2771 945 2802 Una

707 243 848 273 NO'I'AE
882 241 1144 274 VARlORUM
1180 242 1231 273 ΙΝ

991 337 1134 368 hirundo
1161 347 1228 368 non
1253 336 1337 368 facit
1368 337 1586 369 ver:'›nam'‘
1599 348 1685 381 prae·

992 387 1109 417 nuntia
1125 387 1213 418 veris
1228 385 1398 418 hirundo!
1415 387 1543 419 abeunt
1563 396 1685 431 nempe

992 435 1141 467 hibernis
1158 436 1330 467 mensibus
1345 437 1565 476 hirundines3
1585 442 1623 469 et
1631 447 1686 470 re-

992 486 1066 517 dire
1090 486 1263 527 incipiunt
1286 491 1366 518 ante
1400 487 1489 519 diem
1518 497 1584 519 vn·
1605 487 1686 520 Kal.

992 536 1135 567 Martii:
1160 546 1226 577 qno
1243 541 1396 576 tempore
1413 537 1566 579 plerique
1589 537 1689 570 Grae·
1744 577 1750 582 ι

992 596 1123 624 corum,
1135 586 1281 617 maxime
1295 586 1433 625 Rhodii,
1447 587 1591 619 sollenni
1605 596 1688 629 quo·

992 636 1069 667 dam
1087 646 1178 667 more
1194 642 1231 667 et
1247 637 1391 670 inuitare
1414 636 1628 669 hirundinem
1651 641 1688 669 et

993 686 1023 717 ei
1039 687 1161 727 stipem
1177 686 1314 717 vicatim
1341 687 1442 718 certis
1461 686 1688 718 cantiunculis

993 737 1151 778 colligere
1179 737 1355 775 solebant;
1391 736 1480 777 quod
1506 735 1687 777 χελιδωνίζ-

993 798 1039 817 ειν
1061 787 1199 824 dicitur‚
1225 791 1314 819 teste
1339 786 1508 819 Atlienaeo
1534 787 1592 820 lib.
1619 796 1687 820 vu.

995 837 1141 869 Torrent-
1622 836 1624 838 ’

1047 889 1087 918 14
1119 886 1251 918 Calaber
1268 886 1360 926 jubet
1381 887 1503 927 hospes]
1526 886 1686 919 ‘Calabri

991 936 1132 977 hospitis
1143 935 1151 949 ’
1162 946 1302 968 munera
1318 941 1414 968 recte
1429 937 1498 968 diei
1514 941 1692 977 poterunt,

992 995 1214 1027 quaecumque
1227 986 1301 1017 sine
1317 986 1465 1024 delectu,
1479 986 1553 1018 sine
1568 995 1690 1017 venus-

994 1041 1067 1067 tate
1097 1045 1138 1067 ac
1167 1036 1292 1076 gratia,
1319 1035 1548 1067 obtruduntur
1576 1036 1688 1077 potius

993 1095 1091 1126 quam
1107 1085 1258 1117 dantur:
1283 1089 1321 1116 ut
1337 1095 1380 1116 ex
1402 1086 1453 1117 his
1473 1085 1691 1126 lepidissimis

994 1134 1130 1166 Horatii
1173 1134 1324 1166 versibus
1370 1130 1536 1175 apparet:
1576 1134 1690 1174 qualia

993 1183 1100 1215 ferme
1114 1189 1267 1215 veterum
1280 1185 1358 1215 olim
1371 1184 1522 1222 missilia,
1531 1193 1608 1225 quae
1622 1193 1689 1215 non

994 1238 1062 1265 tam
1093 1233 1247 1272 donanti,
1273 1234 1559 1275 quam‘Fortnuae
1587 1232 1690 1264 debe·

995 1283 1130 1314 bantur.
1157 1284 1298 1315 Tor-rent.

1038 1335 1076 1363 15
1100 1332 1229 1363 Vescere
1243 1331 1346 1372 sodes]
1370 1331 1526 1364 Obsecro
1548 1331 1688 1373 indulge

994 1382 1107 1422 genio,
1118 1387 1194 1412 esto
1209 1382 1339 1412 hilaris:
1359 1381 1538 1412 ohilaritas
1552 1381 1690 1421 rustica,

995 1437 1031 1462 et
1062 1431 1094 1461 in
1119 1431 1225 1471 pyris,
1254 1431 1377 1471 pomis,
1408 1430 1562 1470 nucibus,
1587 1440 1688 1471 qnam

994 1481 1171 1512 laudabilis
1182 1481 1320 1512 Calabri
1330 1480 1550 1521 prodigalitas
1562 1482 1570 1511 !
1591 1481 1689 1520 (ἔνιαι.

999 1531 1127 1563 Vescere
1141 1530 1245 1571 sodes]
1269 1530 1386 1562 Verba
1403 1530 1540 1561 Calabri
1555 1530 1598 1561 ad
1613 1530 1688 1562 hos-

972 1600 980 1606 ·
994 1581 1100 1622 piteni
1117 1582 1296 1611 viatorem.

1038 1633 1079 1662 16
1099 1631 1175 1661 Jum
1194 1630 1271 1661 sutis
1295 1629 1357 1670 est]
1379 1628 1494 1660 Verba
1519 1633 1598 1661 suut
1621 1629 1690 1660 via-

995 1681 1089 1712 toris.
1130 1681 1177 1711 At
1206 1683 1241 1710 tu
1264 1680 1427 1720 quantum]
1448 1679 1564 1719 Inquit
1592 1679 1690 1711 Cala-

995 1730 1066 1761 ber.
1110 1729 1270 1769 Benigne]
1301 1729 1512 1763 ,Liberaliter
1558 1737 1690 1759 mecum

995 1781 1080 1820 agis,
1096 1780 1142 1810 ait
1158 1780 1279 1810 viator.

1039 1831 1087 1865 1⁷⁷
1104 1829 1179 1859 Non
1209 1827 1312 1859 inviso
1326 1826 1430 1867 seres]
1460 1826 1572 1858 Grata
1599 1826 1690 1858 feres

995 1878 1206 1912 munuscula,
1218 1877 1325 1916 inquit
1341 1875 1495 1907 Calaber.

1041 1929 1079 1956 18
1113 1927 1189 1956 Tam
1222 1925 1342 1964 teneor]
1387 1925 1504 1955 Verba
1541 1925 1692 1958 viatoris.

997 1974 1155 2014 Onustus]
1179 1974 1278 2015 Pyris
1294 1973 1361 2004 tuis
1377 1981 1548 2003 oneratus.

1038 2028 1080 2056 19
1105 2024 1150 2056 Ut
1164 2023 1254 2064 libet]
1277 2023 1394 2054 Facito
1413 2022 1565 2061 utlibet,
1581 2022 1692 2064 inquit

995 2075 1155 2107 Calaber.

1037 2128 1079 2156 20
1103 2124 1260 2164 Prodigus
1279 2127 1310 2155 et
1334 2122 1463 2163 stultus]
1485 2123 1599 2155 Stulte
1613 2132 1691 2164 pro-

995 2175 1094 2215 digus
1109 2175 1136 2206 is
1155 2184 1234 2206 vere
1251 2174 1319 2206 diei
1336 2179 1462 2215 potest,
1484 2174 1542 2215 qui
1560 2174 1594 2206 in
1610 2175 1692 2209 dan-

995 2226 1038 2256 do
1054 2234 1118 2256 nec
1134 2234 1326 2265 personam,
1339 2225 1462 2264 locum,
1478 2233 1542 2255 nec
1559 2230 1692 2265 tempus

995 2276 1102 2311 novit,
1121 2275 1180 2306 sed
1204 2275 1276 2306 sine
1298 2275 1435 2306 delectu
1457 2275 1599 2306 metitur
1621 2283 1692 2305 om-

995 2325 1052 2356 nia
1080 2335 1123 2357 ex
1146 2325 1247 2356 animi
1277 2325 1327 2356 sui
1356 2324 1538 2362 sementia,
1561 2323 1691 2359 donans

996 2380 1064 2406 tam
1095 2375 1208 2415 dignis
1241 2374 1390 2414 indigna,
1427 2383 1527 2416 quarn
1559 2378 1690 2405 contra.

999 2425 1096 2464 Cruq.

1035 2477 1075 2505 21
1100 2473 1183 2505 Hoec
1193 2483 1281 2513 seges
1293 2473 1451 2515 ingratos]
1474 2474 1583 2506 Quem
1600 2471 1691 2503 euim

994 2524 1116 2563 ingrati
1132 2523 1235 2554 animi
1259 2522 1405 2555 fructum
1428 2527 1618 2563 exspectet,
1632 2523 1691 2564 qui

995 2578 1123 2603 temere
1139 2571 1297 2603 donando
1320 2571 1447 2603 nullum
1460 2572 1544 2612 -ipse
1559 2570 1691 2605 muneri

994 2622 1140 2662 pretium
1166 2622 1291 2662 ponit?
1336 2622 1381 2653 Et
1394 2621 1484 2663 quod
1498 2621 1578 2653 ¹sine
1595 2619 1690 2661 Judi-

994 2672 1046 2703 cio
1063 2672 1129 2703 ullo
1145 2670 1196 2708 fit,
1211 2670 1413 2703 beneficium
1427 2681 1500 2703 esse
1514 2679 1689 2711 negamus.

994 2721 1082 2751 Tor-r.
1128 2720 1209 2751 Hoec
1234 2730 1320 2759 seges
1344 2721 1500 2761 ingratos]
1525 2719 1611 2751 Haec
1638 2719 1688 2751 in-

993 2769 1205 2801 considerata
1229 2778 1341 2800 rerum
1368 2769 1482 2800 vilium
1511 2772 1547 2799 et
1571 2776 1686 2809 super-
