<?xml version="1.0" encoding="UTF-8"?>
<!DOCTYPE html PUBLIC "-//W3C//DTD XHTML 1.0 Transitional//EN"
    "http://www.w3.org/TR/xhtml1/DTD/xhtml1-transitional.dtd">
<html xmlns="http://www.w3.org/1999/xhtml" xml:lang="en" lang="en">
 <head>
  <title>
</title>
<meta http-equiv="Content-Type" content="text/html;charset=utf-8" />
  <meta name='ocr-system' content='tesseract 3.04.00' />
  <meta name='ocr-capabilities' content='ocr_page ocr_carea ocr_par ocr_line ocrx_word'/>
</head>
<body>
  <div class='ocr_page' id='page_1' title='image "./operaomnia04horauoft/operaomnia04horauoft_0209.png"; bbox 0 0 1858 3184; ppageno 0'>
   <div class='ocr_carea' id='block_1_1' title="bbox 598 254 1606 307">
    <p class='ocr_par' dir='ltr' id='par_1_1' title="bbox 598 254 1606 307">
     <span class='ocr_line' id='line_1_1' title="bbox 598 254 1606 307; baseline -0.001 -8"><span class='ocrx_word' id='word_1_1' title='bbox 598 269 662 307; x_wconf 73' lang='lat' dir='ltr'>—-Q·</span> <span class='ocrx_word' id='word_1_2' title='bbox 675 284 678 285; x_wconf 14' lang='grc' dir='ltr'><em>γ</em></span> <span class='ocrx_word' id='word_1_3' title='bbox 691 267 899 299; x_wconf 68' lang='lat' dir='ltr'>nolu-ru</span> <span class='ocrx_word' id='word_1_4' title='bbox 930 267 1123 299; x_wconf 59' lang='lat' dir='ltr'>susem.</span> <span class='ocrx_word' id='word_1_5' title='bbox 1494 254 1606 298; x_wconf 72' lang='lat'>196⁰</span> 
     </span>
    </p>
   </div>
   <div class='ocr_carea' id='block_1_2' title="bbox 128 362 1601 1871">
    <p class='ocr_par' dir='ltr' id='par_1_2' title="bbox 165 362 1598 417">
     <span class='ocr_line' id='line_1_2' title="bbox 165 362 1598 417; baseline -0.001 -12"><span class='ocrx_word' id='word_1_6' title='bbox 165 368 167 370; x_wconf 82' lang='grc'><strong>’</strong></span> <span class='ocrx_word' id='word_1_7' title='bbox 216 368 317 405; x_wconf 89' lang='grc'><strong>1558</strong></span> <span class='ocrx_word' id='word_1_8' title='bbox 345 379 435 406; x_wconf 90' lang='lat' dir='ltr'>cum</span> <span class='ocrx_word' id='word_1_9' title='bbox 454 364 612 406; x_wconf 73' lang='lat' dir='ltr'><strong>scholiis</strong></span> <span class='ocrx_word' id='word_1_10' title='bbox 631 365 839 405; x_wconf 15' lang='lat' dir='ltr'>brevibus..</span> <span class='ocrx_word' id='word_1_11' title='bbox 857 363 975 417; x_wconf 84' lang='lat' dir='ltr'><strong>Apud</strong></span> <span class='ocrx_word' id='word_1_12' title='bbox 988 363 1129 403; x_wconf 83' lang='lat' dir='ltr'><strong>Tbom.</strong></span> <span class='ocrx_word' id='word_1_13' title='bbox 1141 362 1398 404; x_wconf 83' lang='lat' dir='ltr'>Richardum.</span> <span class='ocrx_word' id='word_1_14' title='bbox 1412 362 1540 404; x_wconf 84' lang='lat' dir='ltr'>Paris.</span> <span class='ocrx_word' id='word_1_15' title='bbox 1557 367 1598 404; x_wconf 85' lang='lat'>4.</span> 
     </span>
    </p>

    <p class='ocr_par' dir='ltr' id='par_1_3' title="bbox 211 427 780 480">
     <span class='ocr_line' id='line_1_3' title="bbox 211 427 780 480; baseline -0.005 -10"><span class='ocrx_word' id='word_1_16' title='bbox 211 451 266 458; x_wconf 93' lang='lat'><strong>—</strong></span> <span class='ocrx_word' id='word_1_17' title='bbox 291 443 381 470; x_wconf 87' lang='lat' dir='ltr'>eum</span> <span class='ocrx_word' id='word_1_18' title='bbox 400 429 573 469; x_wconf 73' lang='lat' dir='ltr'><strong>scholiis.</strong></span> <span class='ocrx_word' id='word_1_19' title='bbox 593 427 720 480; x_wconf 77' lang='lat' dir='ltr'><strong>Lugd.</strong></span> <span class='ocrx_word' id='word_1_20' title='bbox 740 430 780 467; x_wconf 88' lang='lat'>8.</span> 
     </span>
    </p>

    <p class='ocr_par' dir='ltr' id='par_1_4' title="bbox 211 491 842 532">
     <span class='ocr_line' id='line_1_4' title="bbox 211 491 842 532; baseline -0.002 0"><span class='ocrx_word' id='word_1_21' title='bbox 211 515 266 523; x_wconf 89' lang='lat'><strong>—</strong></span> <span class='ocrx_word' id='word_1_22' title='bbox 287 492 478 532; x_wconf 63' lang='lat' dir='ltr'>Poemata</span> <span class='ocrx_word' id='word_1_23' title='bbox 491 492 636 532; x_wconf 86' lang='lat' dir='ltr'>omnia.</span> <span class='ocrx_word' id='word_1_24' title='bbox 658 491 781 531; x_wconf 85' lang='lat' dir='ltr'>Paris.</span> <span class='ocrx_word' id='word_1_25' title='bbox 803 494 842 531; x_wconf 90' lang='grc'>8.</span> 
     </span>
    </p>

    <p class='ocr_par' dir='ltr' id='par_1_5' title="bbox 209 552 1491 608">
     <span class='ocr_line' id='line_1_5' title="bbox 209 552 1491 608; baseline -0.005 -12"><span class='ocrx_word' id='word_1_26' title='bbox 209 578 264 586; x_wconf 85' lang='grc'>-</span> <span class='ocrx_word' id='word_1_27' title='bbox 289 557 434 608; x_wconf 87' lang='lat' dir='ltr'>Opera,</span> <span class='ocrx_word' id='word_1_28' title='bbox 450 569 544 596; x_wconf 81' lang='lat' dir='ltr'>cura</span> <span class='ocrx_word' id='word_1_29' title='bbox 560 557 625 595; x_wconf 80' lang='lat' dir='ltr'>Jo.</span> <span class='ocrx_word' id='word_1_30' title='bbox 644 556 841 602; x_wconf 87' lang='lat' dir='ltr'>Boulierii,</span> <span class='ocrx_word' id='word_1_31' title='bbox 855 553 963 606; x_wconf 80' lang='lat' dir='ltr'>apud</span> <span class='ocrx_word' id='word_1_32' title='bbox 981 554 1079 593; x_wconf 84' lang='lat' dir='ltr'><strong>Ant.</strong></span> <span class='ocrx_word' id='word_1_33' title='bbox 1097 553 1282 592; x_wconf 85' lang='lat' dir='ltr'>Vincent.</span> <span class='ocrx_word' id='word_1_34' title='bbox 1305 552 1431 603; x_wconf 87' lang='lat' dir='ltr'><strong>Lugd.</strong></span> <span class='ocrx_word' id='word_1_35' title='bbox 1451 555 1491 591; x_wconf 90' lang='lat'>8.</span> 
     </span>
    </p>

    <p class='ocr_par' dir='ltr' id='par_1_6' title="bbox 156 615 1598 729">
     <span class='ocr_line' id='line_1_6' title="bbox 210 615 1598 672; baseline -0.004 -13"><span class='ocrx_word' id='word_1_36' title='bbox 210 641 263 650; x_wconf 90' lang='lat'>——</span> <span class='ocrx_word' id='word_1_37' title='bbox 288 633 358 672; x_wconf 87' lang='lat' dir='ltr'>per</span> <span class='ocrx_word' id='word_1_38' title='bbox 376 619 624 672; x_wconf 77' lang='lat' dir='ltr'>Rapheleng.</span> <span class='ocrx_word' id='word_1_39' title='bbox 645 619 708 657; x_wconf 81' lang='lat' dir='ltr'>Ex</span> <span class='ocrx_word' id='word_1_40' title='bbox 724 619 829 658; x_wconf 86' lang='lat' dir='ltr'><strong>offic.</strong></span> <span class='ocrx_word' id='word_1_41' title='bbox 849 615 1022 656; x_wconf 83' lang='lat' dir='ltr'>Plantin.</span> <span class='ocrx_word' id='word_1_42' title='bbox 1038 616 1160 655; x_wconf 80' lang='lat' dir='ltr'><strong>Antv.</strong></span> <span class='ocrx_word' id='word_1_43' title='bbox 1181 619 1246 656; x_wconf 82' lang='lat'>12.</span> <span class='ocrx_word' id='word_1_44' title='bbox 1267 615 1454 656; x_wconf 83' lang='lat' dir='ltr'>Aldinam</span> <span class='ocrx_word' id='word_1_45' title='bbox 1469 616 1598 668; x_wconf 87' lang='lat' dir='ltr'>sequi-</span> 
     </span>
     <span class='ocr_line' id='line_1_7' title="bbox 156 682 1079 729; baseline -0.001 -9"><span class='ocrx_word' id='word_1_46' title='bbox 156 689 232 729; x_wconf 91' lang='lat' dir='ltr'>tur,</span> <span class='ocrx_word' id='word_1_47' title='bbox 250 689 291 722; x_wconf 86' lang='lat' dir='ltr'>et</span> <span class='ocrx_word' id='word_1_48' title='bbox 310 695 447 722; x_wconf 82' lang='lat' dir='ltr'>recusa</span> <span class='ocrx_word' id='word_1_49' title='bbox 466 684 582 721; x_wconf 87' lang='lat'><strong>1575.</strong></span> <span class='ocrx_word' id='word_1_50' title='bbox 606 682 722 720; x_wconf 84' lang='lat'><strong>1590.</strong></span> <span class='ocrx_word' id='word_1_51' title='bbox 737 687 778 720; x_wconf 87' lang='lat' dir='ltr'>et</span> <span class='ocrx_word' id='word_1_52' title='bbox 798 682 916 720; x_wconf 88' lang='lat'><strong>1608.</strong></span> <span class='ocrx_word' id='word_1_53' title='bbox 1075 725 1079 728; x_wconf 44' lang='grc'><strong>,</strong></span> 
     </span>
    </p>

    <p class='ocr_par' dir='ltr' id='par_1_7' title="bbox 214 742 1599 797">
     <span class='ocr_line' id='line_1_8' title="bbox 214 742 1599 797; baseline -0.002 -12"><span class='ocrx_word' id='word_1_54' title='bbox 214 747 317 785; x_wconf 81' lang='lat'>1559</span> <span class='ocrx_word' id='word_1_55' title='bbox 343 745 524 797; x_wconf 77' lang='lat' dir='ltr'>Repetite</span> <span class='ocrx_word' id='word_1_56' title='bbox 543 743 606 784; x_wconf 87' lang='lat' dir='ltr'>ed.</span> <span class='ocrx_word' id='word_1_57' title='bbox 626 746 743 784; x_wconf 86' lang='lat'><strong>1544.</strong></span> <span class='ocrx_word' id='word_1_58' title='bbox 758 743 829 784; x_wconf 78' lang='lat' dir='ltr'><strong>fol.</strong></span> <span class='ocrx_word' id='word_1_59' title='bbox 849 757 913 797; x_wconf 89' lang='lat' dir='ltr'><strong>ap.</strong></span> <span class='ocrx_word' id='word_1_60' title='bbox 931 744 996 782; x_wconf 86' lang='lat' dir='ltr'>Jo.</span> <span class='ocrx_word' id='word_1_61' title='bbox 1019 744 1122 782; x_wconf 85' lang='lat' dir='ltr'><strong>Mar.</strong></span> <span class='ocrx_word' id='word_1_62' title='bbox 1144 742 1364 782; x_wconf 86' lang='lat' dir='ltr'>Bonellum.</span> <span class='ocrx_word' id='word_1_63' title='bbox 1407 743 1512 782; x_wconf 86' lang='lat' dir='ltr'><strong>Ven.</strong></span> <span class='ocrx_word' id='word_1_64' title='bbox 1529 742 1599 782; x_wconf 76' lang='lat' dir='ltr'><strong>fol.</strong></span> 
     </span>
    </p>

    <p class='ocr_par' dir='ltr' id='par_1_8' title="bbox 128 806 1600 987">
     <span class='ocr_line' id='line_1_9' title="bbox 205 806 1600 860; baseline -0.001 -14"><span class='ocrx_word' id='word_1_65' title='bbox 205 830 260 838; x_wconf 92' lang='lat'>—</span> <span class='ocrx_word' id='word_1_66' title='bbox 285 807 429 860; x_wconf 86' lang='lat' dir='ltr'>Opera,</span> <span class='ocrx_word' id='word_1_67' title='bbox 458 821 547 848; x_wconf 92' lang='lat' dir='ltr'>cum</span> <span class='ocrx_word' id='word_1_68' title='bbox 576 807 765 847; x_wconf 86' lang='lat' dir='ltr'>Annotat.</span> <span class='ocrx_word' id='word_1_69' title='bbox 797 808 858 847; x_wconf 89' lang='grc' dir='ltr'>Μ.</span> <span class='ocrx_word' id='word_1_70' title='bbox 889 808 938 848; x_wconf 87' lang='grc' dir='ltr'><strong>Α.</strong></span> <span class='ocrx_word' id='word_1_71' title='bbox 972 806 1118 846; x_wconf 86' lang='lat' dir='ltr'>Mureti</span> <span class='ocrx_word' id='word_1_72' title='bbox 1149 813 1191 845; x_wconf 90' lang='lat' dir='ltr'>et</span> <span class='ocrx_word' id='word_1_73' title='bbox 1221 806 1313 845; x_wconf 85' lang='lat' dir='ltr'>Aldi</span> <span class='ocrx_word' id='word_1_74' title='bbox 1344 806 1514 845; x_wconf 86' lang='lat' dir='ltr'>Manutii</span> <span class='ocrx_word' id='word_1_75' title='bbox 1548 806 1600 845; x_wconf 82' lang='lat' dir='ltr'>de</span> 
     </span>
     <span class='ocr_line' id='line_1_10' title="bbox 153 869 1600 924; baseline -0.002 -14"><span class='ocrx_word' id='word_1_76' title='bbox 153 871 292 911; x_wconf 78' lang='lat' dir='ltr'>Mettis</span> <span class='ocrx_word' id='word_1_77' title='bbox 326 871 531 912; x_wconf 88' lang='lat' dir='ltr'>Horatian.</span> <span class='ocrx_word' id='word_1_78' title='bbox 550 878 592 911; x_wconf 87' lang='lat' dir='ltr'>et</span> <span class='ocrx_word' id='word_1_79' title='bbox 614 871 741 924; x_wconf 87' lang='lat' dir='ltr'>ejusd.</span> <span class='ocrx_word' id='word_1_80' title='bbox 774 872 964 911; x_wconf 87' lang='lat' dir='ltr'>Annotat.</span> <span class='ocrx_word' id='word_1_81' title='bbox 997 871 1035 909; x_wconf 91' lang='lat' dir='ltr'>in</span> <span class='ocrx_word' id='word_1_82' title='bbox 1051 870 1192 910; x_wconf 80' lang='lat' dir='ltr'><strong>Horat.</strong></span> <span class='ocrx_word' id='word_1_83' title='bbox 1209 870 1315 923; x_wconf 88' lang='lat' dir='ltr'>apud</span> <span class='ocrx_word' id='word_1_84' title='bbox 1335 869 1444 909; x_wconf 84' lang='lat' dir='ltr'><strong>Guil.</strong></span> <span class='ocrx_word' id='word_1_85' title='bbox 1464 869 1600 909; x_wconf 84' lang='lat' dir='ltr'>Rovil-</span> 
     </span>
     <span class='ocr_line' id='line_1_11' title="bbox 128 934 460 987; baseline 0.015 -18"><span class='ocrx_word' id='word_1_86' title='bbox 128 966 134 969; x_wconf 68' lang='grc'>,</span> <span class='ocrx_word' id='word_1_87' title='bbox 154 934 261 976; x_wconf 85' lang='lat' dir='ltr'>lium.</span> <span class='ocrx_word' id='word_1_88' title='bbox 280 934 406 987; x_wconf 81' lang='lat' dir='ltr'><strong>Lugd.</strong></span> <span class='ocrx_word' id='word_1_89' title='bbox 422 937 460 974; x_wconf 93' lang='lat'><strong>8.</strong></span> 
     </span>
    </p>

    <p class='ocr_par' dir='ltr' id='par_1_9' title="bbox 155 997 1601 1163">
     <span class='ocr_line' id='line_1_12' title="bbox 207 997 1599 1044; baseline -0.002 -5"><span class='ocrx_word' id='word_1_90' title='bbox 207 1021 263 1028; x_wconf 95' lang='lat'>—</span> <span class='ocrx_word' id='word_1_91' title='bbox 289 999 341 1044; x_wconf 82' lang='lat' dir='ltr'>Q.</span> <span class='ocrx_word' id='word_1_92' title='bbox 360 998 414 1038; x_wconf 85' lang='lat' dir='ltr'>H.</span> <span class='ocrx_word' id='word_1_93' title='bbox 445 999 491 1038; x_wconf 90' lang='lat' dir='ltr'><strong>F.</strong></span> <span class='ocrx_word' id='word_1_94' title='bbox 525 999 584 1038; x_wconf 90' lang='lat' dir='ltr'><strong>M.</strong></span> <span class='ocrx_word' id='word_1_95' title='bbox 600 1000 693 1038; x_wconf 81' lang='lat' dir='ltr'><strong>Ant.</strong></span> <span class='ocrx_word' id='word_1_96' title='bbox 714 998 857 1038; x_wconf 88' lang='lat' dir='ltr'>Mureti</span> <span class='ocrx_word' id='word_1_97' title='bbox 885 998 924 1036; x_wconf 90' lang='lat' dir='ltr'>in</span> <span class='ocrx_word' id='word_1_98' title='bbox 944 1011 1033 1036; x_wconf 88' lang='lat' dir='ltr'>eum</span> <span class='ocrx_word' id='word_1_99' title='bbox 1049 997 1213 1037; x_wconf 88' lang='lat' dir='ltr'>scholia.</span> <span class='ocrx_word' id='word_1_100' title='bbox 1246 997 1338 1037; x_wconf 87' lang='lat' dir='ltr'>Aldi</span> <span class='ocrx_word' id='word_1_101' title='bbox 1359 998 1528 1037; x_wconf 85' lang='lat' dir='ltr'>Manutii</span> <span class='ocrx_word' id='word_1_102' title='bbox 1549 997 1599 1036; x_wconf 92' lang='lat' dir='ltr'>de</span> 
     </span>
     <span class='ocr_line' id='line_1_13' title="bbox 157 1061 1601 1114; baseline -0.001 -13"><span class='ocrx_word' id='word_1_103' title='bbox 157 1061 298 1101; x_wconf 78' lang='lat' dir='ltr'>Mettis</span> <span class='ocrx_word' id='word_1_104' title='bbox 317 1061 456 1101; x_wconf 84' lang='lat' dir='ltr'>Horat.</span> <span class='ocrx_word' id='word_1_105' title='bbox 480 1062 672 1114; x_wconf 58' lang='lat' dir='ltr'>‘Ejusdem</span> <span class='ocrx_word' id='word_1_106' title='bbox 690 1062 979 1101; x_wconf 89' lang='lat' dir='ltr'>Annotationes</span> <span class='ocrx_word' id='word_1_107' title='bbox 998 1063 1035 1100; x_wconf 92' lang='lat' dir='ltr'>in</span> <span class='ocrx_word' id='word_1_108' title='bbox 1067 1062 1287 1101; x_wconf 85' lang='lat' dir='ltr'><strong>Horatium.</strong></span> <span class='ocrx_word' id='word_1_109' title='bbox 1307 1061 1424 1113; x_wconf 86' lang='lat' dir='ltr'>Apud</span> <span class='ocrx_word' id='word_1_110' title='bbox 1441 1061 1601 1100; x_wconf 89' lang='lat' dir='ltr'><strong>Aldum.</strong></span> 
     </span>
     <span class='ocr_line' id='line_1_14' title="bbox 155 1125 358 1163; baseline 0.005 -1"><span class='ocrx_word' id='word_1_111' title='bbox 155 1125 297 1163; x_wconf 85' lang='lat' dir='ltr'>Venet.</span> <span class='ocrx_word' id='word_1_112' title='bbox 319 1126 358 1163; x_wconf 87' lang='lat'>8.</span> 
     </span>
    </p>

    <p class='ocr_par' dir='ltr' id='par_1_10' title="bbox 156 1187 1600 1290">
     <span class='ocr_line' id='line_1_15' title="bbox 211 1187 1600 1234; baseline -0.001 -9"><span class='ocrx_word' id='word_1_113' title='bbox 211 1209 263 1217; x_wconf 91' lang='lat'>—-</span> <span class='ocrx_word' id='word_1_114' title='bbox 290 1187 479 1227; x_wconf 66' lang='lat' dir='ltr'>Poemata</span> <span class='ocrx_word' id='word_1_115' title='bbox 515 1188 660 1234; x_wconf 84' lang='lat' dir='ltr'>omnia,</span> <span class='ocrx_word' id='word_1_116' title='bbox 691 1187 933 1227; x_wconf 77' lang='lat' dir='ltr'>doctissimis</span> <span class='ocrx_word' id='word_1_117' title='bbox 963 1188 1123 1227; x_wconf 82' lang='lat' dir='ltr'>scholiis</span> <span class='ocrx_word' id='word_1_118' title='bbox 1149 1188 1356 1227; x_wconf 83' lang='lat' dir='ltr'>illustrata.</span> <span class='ocrx_word' id='word_1_119' title='bbox 1403 1187 1463 1226; x_wconf 80' lang='lat' dir='ltr'>Ex</span> <span class='ocrx_word' id='word_1_120' title='bbox 1494 1187 1600 1225; x_wconf 88' lang='lat' dir='ltr'><strong>offic.</strong></span> 
     </span>
     <span class='ocr_line' id='line_1_16' title="bbox 156 1250 544 1290; baseline 0.003 -1"><span class='ocrx_word' id='word_1_121' title='bbox 156 1251 221 1289; x_wconf 82' lang='lat' dir='ltr'>Jo.</span> <span class='ocrx_word' id='word_1_122' title='bbox 240 1250 345 1289; x_wconf 90' lang='lat' dir='ltr'>Loei.</span> <span class='ocrx_word' id='word_1_123' title='bbox 363 1250 482 1288; x_wconf 88' lang='lat' dir='ltr'><strong>Antv.</strong></span> <span class='ocrx_word' id='word_1_124' title='bbox 505 1252 544 1290; x_wconf 90' lang='lat'>8.</span> 
     </span>
    </p>

    <p class='ocr_par' dir='ltr' id='par_1_11' title="bbox 154 1314 1600 1429">
     <span class='ocr_line' id='line_1_17' title="bbox 207 1314 1600 1354; baseline 0 -2"><span class='ocrx_word' id='word_1_125' title='bbox 207 1334 262 1342; x_wconf 94' lang='lat'>—</span> <span class='ocrx_word' id='word_1_126' title='bbox 286 1325 375 1352; x_wconf 90' lang='lat' dir='ltr'>cum</span> <span class='ocrx_word' id='word_1_127' title='bbox 396 1314 582 1354; x_wconf 78' lang='lat' dir='ltr'>Annotat.</span> <span class='ocrx_word' id='word_1_128' title='bbox 600 1315 694 1354; x_wconf 84' lang='lat' dir='ltr'><strong>Ant.</strong></span> <span class='ocrx_word' id='word_1_129' title='bbox 711 1315 859 1354; x_wconf 85' lang='lat' dir='ltr'>Mureti</span> <span class='ocrx_word' id='word_1_130' title='bbox 877 1321 918 1353; x_wconf 90' lang='lat' dir='ltr'>et</span> <span class='ocrx_word' id='word_1_131' title='bbox 934 1314 1026 1352; x_wconf 84' lang='lat' dir='ltr'>Aldi</span> <span class='ocrx_word' id='word_1_132' title='bbox 1046 1314 1215 1353; x_wconf 84' lang='lat' dir='ltr'>Manutii</span> <span class='ocrx_word' id='word_1_133' title='bbox 1240 1314 1291 1353; x_wconf 88' lang='lat' dir='ltr'>de</span> <span class='ocrx_word' id='word_1_134' title='bbox 1311 1314 1450 1352; x_wconf 81' lang='lat' dir='ltr'>Mettis</span> <span class='ocrx_word' id='word_1_135' title='bbox 1469 1314 1600 1352; x_wconf 87' lang='lat' dir='ltr'>Hora-</span> 
     </span>
     <span class='ocr_line' id='line_1_18' title="bbox 154 1375 858 1429; baseline 0.006 -16"><span class='ocrx_word' id='word_1_136' title='bbox 154 1375 288 1422; x_wconf 72' lang='lat' dir='ltr'>tianis,</span> <span class='ocrx_word' id='word_1_137' title='bbox 304 1388 372 1427; x_wconf 87' lang='lat' dir='ltr'>per</span> <span class='ocrx_word' id='word_1_138' title='bbox 390 1377 482 1415; x_wconf 90' lang='lat' dir='ltr'><strong>Seb.</strong></span> <span class='ocrx_word' id='word_1_139' title='bbox 503 1377 654 1429; x_wconf 87' lang='lat' dir='ltr'><strong>Gryph.</strong></span> <span class='ocrx_word' id='word_1_140' title='bbox 673 1377 797 1428; x_wconf 86' lang='lat' dir='ltr'><strong>Lugd.</strong></span> <span class='ocrx_word' id='word_1_141' title='bbox 818 1379 858 1417; x_wconf 91' lang='lat'>8.</span> 
     </span>
    </p>

    <p class='ocr_par' dir='ltr' id='par_1_12' title="bbox 153 1438 1595 1557">
     <span class='ocr_line' id='line_1_19' title="bbox 205 1438 1595 1493; baseline 0.001 -16"><span class='ocrx_word' id='word_1_142' title='bbox 205 1460 260 1468; x_wconf 92' lang='lat'>—</span> <span class='ocrx_word' id='word_1_143' title='bbox 285 1438 419 1490; x_wconf 87' lang='lat' dir='ltr'>Opera</span> <span class='ocrx_word' id='word_1_144' title='bbox 437 1439 488 1478; x_wconf 85' lang='lat' dir='ltr'>ad</span> <span class='ocrx_word' id='word_1_145' title='bbox 520 1440 813 1492; x_wconf 79' lang='lat' dir='ltr'>castigatissimi</span> <span class='ocrx_word' id='word_1_146' title='bbox 845 1440 1034 1493; x_wconf 90' lang='lat' dir='ltr'>cujusque</span> <span class='ocrx_word' id='word_1_147' title='bbox 1065 1439 1298 1493; x_wconf 84' lang='lat' dir='ltr'>exemplaris</span> <span class='ocrx_word' id='word_1_148' title='bbox 1328 1439 1446 1479; x_wconf 87' lang='lat' dir='ltr'>fidem</span> <span class='ocrx_word' id='word_1_149' title='bbox 1475 1452 1595 1492; x_wconf 87' lang='lat' dir='ltr'>quam</span> 
     </span>
     <span class='ocr_line' id='line_1_20' title="bbox 153 1502 1502 1557; baseline 0.001 -17"><span class='ocrx_word' id='word_1_150' title='bbox 153 1502 443 1542; x_wconf 75' lang='lat' dir='ltr'>accuratissime</span> <span class='ocrx_word' id='word_1_151' title='bbox 462 1503 653 1543; x_wconf 89' lang='lat' dir='ltr'>restituta.</span> <span class='ocrx_word' id='word_1_152' title='bbox 683 1504 865 1556; x_wconf 87' lang='lat' dir='ltr'>Lugduni</span> <span class='ocrx_word' id='word_1_153' title='bbox 884 1517 948 1556; x_wconf 88' lang='lat' dir='ltr'><strong>ap.</strong></span> <span class='ocrx_word' id='word_1_154' title='bbox 969 1504 1103 1544; x_wconf 86' lang='lat' dir='ltr'>bered.</span> <span class='ocrx_word' id='word_1_155' title='bbox 1125 1505 1215 1544; x_wconf 87' lang='lat' dir='ltr'><strong>Seb.</strong></span> <span class='ocrx_word' id='word_1_156' title='bbox 1234 1503 1415 1557; x_wconf 82' lang='lat' dir='ltr'>Gryphii.</span> <span class='ocrx_word' id='word_1_157' title='bbox 1439 1505 1502 1542; x_wconf 80' lang='lat'>12.</span> 
     </span>
    </p>

    <p class='ocr_par' dir='ltr' id='par_1_13' title="bbox 206 1567 946 1620">
     <span class='ocr_line' id='line_1_21' title="bbox 206 1567 946 1620; baseline 0.004 -15"><span class='ocrx_word' id='word_1_158' title='bbox 206 1588 261 1595; x_wconf 92' lang='lat'><strong>—</strong></span> <span class='ocrx_word' id='word_1_159' title='bbox 285 1579 355 1618; x_wconf 87' lang='lat' dir='ltr'>per</span> <span class='ocrx_word' id='word_1_160' title='bbox 370 1567 436 1605; x_wconf 86' lang='lat' dir='ltr'>Jo.</span> <span class='ocrx_word' id='word_1_161' title='bbox 456 1567 707 1608; x_wconf 89' lang='lat' dir='ltr'>Frellonium.</span> <span class='ocrx_word' id='word_1_162' title='bbox 730 1567 857 1620; x_wconf 87' lang='lat' dir='ltr'><strong>Lugd.</strong></span> <span class='ocrx_word' id='word_1_163' title='bbox 882 1569 946 1608; x_wconf 85' lang='lat'>12.</span> 
     </span>
    </p>

    <p class='ocr_par' dir='ltr' id='par_1_14' title="bbox 210 1629 1597 1683">
     <span class='ocr_line' id='line_1_22' title="bbox 210 1629 1597 1683; baseline 0.001 -16"><span class='ocrx_word' id='word_1_164' title='bbox 210 1630 313 1668; x_wconf 88' lang='grc'><strong>1560</strong></span> <span class='ocrx_word' id='word_1_165' title='bbox 341 1629 441 1681; x_wconf 87' lang='grc' dir='ltr'>Ερρ.</span> <span class='ocrx_word' id='word_1_166' title='bbox 460 1631 680 1677; x_wconf 85' lang='lat' dir='ltr'><strong>Sermones,</strong></span> <span class='ocrx_word' id='word_1_167' title='bbox 708 1639 749 1670; x_wconf 91' lang='lat' dir='ltr'>et</span> <span class='ocrx_word' id='word_1_168' title='bbox 767 1633 844 1670; x_wconf 88' lang='lat' dir='ltr'>Ars</span> <span class='ocrx_word' id='word_1_169' title='bbox 862 1631 1032 1683; x_wconf 67' lang='lat' dir='ltr'>poetica,</span> <span class='ocrx_word' id='word_1_170' title='bbox 1047 1643 1117 1682; x_wconf 86' lang='lat' dir='ltr'>per</span> <span class='ocrx_word' id='word_1_171' title='bbox 1135 1631 1199 1670; x_wconf 88' lang='lat' dir='ltr'>Jo.</span> <span class='ocrx_word' id='word_1_172' title='bbox 1221 1631 1397 1681; x_wconf 65' lang='lat' dir='ltr'>Loiijum.</span> <span class='ocrx_word' id='word_1_173' title='bbox 1416 1630 1537 1668; x_wconf 72' lang='lat' dir='ltr'><strong>Antv.</strong></span> <span class='ocrx_word' id='word_1_174' title='bbox 1557 1630 1597 1669; x_wconf 88' lang='lat'>8.</span> 
     </span>
    </p>

    <p class='ocr_par' dir='ltr' id='par_1_15' title="bbox 206 1692 846 1733">
     <span class='ocr_line' id='line_1_23' title="bbox 206 1692 846 1733; baseline 0.002 -2"><span class='ocrx_word' id='word_1_175' title='bbox 206 1714 261 1722; x_wconf 92' lang='lat'>—</span> <span class='ocrx_word' id='word_1_176' title='bbox 288 1692 478 1731; x_wconf 63' lang='lat' dir='ltr'>PoEmata</span> <span class='ocrx_word' id='word_1_177' title='bbox 496 1694 642 1733; x_wconf 89' lang='lat' dir='ltr'>omnia.</span> <span class='ocrx_word' id='word_1_178' title='bbox 662 1694 786 1733; x_wconf 86' lang='lat' dir='ltr'>Basil.</span> <span class='ocrx_word' id='word_1_179' title='bbox 806 1696 846 1732; x_wconf 90' lang='lat'>8.</span> 
     </span>
    </p>

    <p class='ocr_par' dir='ltr' id='par_1_16' title="bbox 156 1754 1599 1871">
     <span class='ocr_line' id='line_1_24' title="bbox 214 1754 1599 1807; baseline 0 -14"><span class='ocrx_word' id='word_1_180' title='bbox 214 1756 310 1793; x_wconf 88' lang='lat'><strong>1561</strong></span> <span class='ocrx_word' id='word_1_181' title='bbox 341 1756 406 1795; x_wconf 89' lang='lat' dir='ltr'>Jo.</span> <span class='ocrx_word' id='word_1_182' title='bbox 426 1756 545 1807; x_wconf 89' lang='lat' dir='ltr'>Bapt.</span> <span class='ocrx_word' id='word_1_183' title='bbox 563 1756 702 1807; x_wconf 82' lang='lat' dir='ltr'>Pignae</span> <span class='ocrx_word' id='word_1_184' title='bbox 730 1756 890 1795; x_wconf 83' lang='lat' dir='ltr'>Po&#39;etica</span> <span class='ocrx_word' id='word_1_185' title='bbox 920 1754 1154 1802; x_wconf 79' lang='lat' dir='ltr'>Horatiana,</span> <span class='ocrx_word' id='word_1_186' title='bbox 1188 1755 1239 1794; x_wconf 88' lang='lat' dir='ltr'>ad</span> <span class='ocrx_word' id='word_1_187' title='bbox 1273 1756 1415 1794; x_wconf 88' lang='lat' dir='ltr'>Franc.</span> <span class='ocrx_word' id='word_1_188' title='bbox 1443 1754 1599 1793; x_wconf 69' lang='lat' dir='ltr'>Gonan-</span> 
     </span>
     <span class='ocr_line' id='line_1_25' title="bbox 156 1817 1518 1871; baseline 0.002 -16"><span class='ocrx_word' id='word_1_189' title='bbox 156 1829 260 1869; x_wconf 78' lang='lat' dir='ltr'>gam,</span> <span class='ocrx_word' id='word_1_190' title='bbox 278 1818 439 1856; x_wconf 81' lang='lat' dir='ltr'>Cardia.</span> <span class='ocrx_word' id='word_1_191' title='bbox 459 1818 634 1870; x_wconf 85' lang='lat' dir='ltr'>ampliss.</span> <span class='ocrx_word' id='word_1_192' title='bbox 654 1817 772 1870; x_wconf 89' lang='lat' dir='ltr'>Apud</span> <span class='ocrx_word' id='word_1_193' title='bbox 785 1817 972 1858; x_wconf 87' lang='lat' dir='ltr'>Vincent.</span> <span class='ocrx_word' id='word_1_194' title='bbox 990 1818 1245 1871; x_wconf 87' lang='lat' dir='ltr'>Valgrisium.</span> <span class='ocrx_word' id='word_1_195' title='bbox 1290 1818 1430 1858; x_wconf 89' lang='lat' dir='ltr'>Venet.</span> <span class='ocrx_word' id='word_1_196' title='bbox 1447 1817 1518 1858; x_wconf 83' lang='lat' dir='ltr'><strong>sol.</strong></span> 
     </span>
    </p>
   </div>
   <div class='ocr_carea' id='block_1_3' title="bbox 425 1945 1321 2080">
    <p class='ocr_par' dir='ltr' id='par_1_17' title="bbox 425 1945 1321 2080">
     <span class='ocr_line' id='line_1_26' title="bbox 425 1945 1321 2021; baseline 0.003 -8"><span class='ocrx_word' id='word_1_197' title='bbox 425 1945 571 2014; x_wconf 71' lang='lat' dir='ltr'>AETAS</span> <span class='ocrx_word' id='word_1_198' title='bbox 600 1976 674 2015; x_wconf 88' lang='lat'><strong>111.</strong></span> <span class='ocrx_word' id='word_1_199' title='bbox 703 1962 1321 2021; x_wconf 59' lang='lat' dir='ltr'>LAMBmo-canmANA‘</span> 
     </span>
     <span class='ocr_line' id='line_1_27' title="bbox 658 2039 1098 2080; baseline 0.005 -3"><span class='ocrx_word' id='word_1_200' title='bbox 658 2039 1098 2080; x_wconf 80' lang='lat'><strong>1561—1578—-1698,</strong></span> 
     </span>
    </p>
   </div>
   <div class='ocr_carea' id='block_1_4' title="bbox 146 2133 1600 2377">
    <p class='ocr_par' dir='ltr' id='par_1_18' title="bbox 146 2133 1600 2377">
     <span class='ocr_line' id='line_1_28' title="bbox 155 2133 1593 2188; baseline 0.001 -15"><span class='ocrx_word' id='word_1_201' title='bbox 155 2135 191 2173; x_wconf 88' lang='lat' dir='ltr'><strong>A</strong></span> <span class='ocrx_word' id='word_1_202' title='bbox 224 2133 463 2188; x_wconf 84' lang='lat' dir='ltr'>principibus</span> <span class='ocrx_word' id='word_1_203' title='bbox 495 2136 735 2183; x_wconf 81' lang='lat' dir='ltr'>curatoribus</span> <span class='ocrx_word' id='word_1_204' title='bbox 769 2142 810 2175; x_wconf 88' lang='lat' dir='ltr'>et</span> <span class='ocrx_word' id='word_1_205' title='bbox 849 2136 1137 2188; x_wconf 75' lang='lat' dir='ltr'>interpretibus,</span> <span class='ocrx_word' id='word_1_206' title='bbox 1176 2135 1295 2176; x_wconf 91' lang='lat' dir='ltr'>Dion.</span> <span class='ocrx_word' id='word_1_207' title='bbox 1326 2135 1516 2175; x_wconf 87' lang='lat' dir='ltr'>Lambino</span> <span class='ocrx_word' id='word_1_208' title='bbox 1550 2143 1593 2174; x_wconf 89' lang='lat' dir='ltr'>et</span> 
     </span>
     <span class='ocr_line' id='line_1_29' title="bbox 146 2197 1595 2252; baseline -0.001 -14"><span class='ocrx_word' id='word_1_209' title='bbox 146 2199 243 2238; x_wconf 69' lang='lat' dir='ltr'><strong>Jac.</strong></span> <span class='ocrx_word' id='word_1_210' title='bbox 262 2197 433 2251; x_wconf 89' lang='lat' dir='ltr'>Cruqnio</span> <span class='ocrx_word' id='word_1_211' title='bbox 447 2197 628 2247; x_wconf 79' lang='lat' dir='ltr'>dicenda,</span> <span class='ocrx_word' id='word_1_212' title='bbox 645 2212 764 2252; x_wconf 88' lang='lat' dir='ltr'>quam</span> <span class='ocrx_word' id='word_1_213' title='bbox 780 2206 923 2252; x_wconf 84' lang='lat' dir='ltr'>praeter</span> <span class='ocrx_word' id='word_1_214' title='bbox 940 2212 1009 2239; x_wconf 85' lang='lat' dir='ltr'>eos</span> <span class='ocrx_word' id='word_1_215' title='bbox 1029 2206 1218 2239; x_wconf 87' lang='lat' dir='ltr'>ornarunt</span> <span class='ocrx_word' id='word_1_216' title='bbox 1234 2199 1387 2240; x_wconf 83' lang='lat' dir='ltr'><strong>Theod.</strong></span> <span class='ocrx_word' id='word_1_217' title='bbox 1406 2200 1595 2239; x_wconf 89' lang='lat' dir='ltr'>Pulman·</span> 
     </span>
     <span class='ocr_line' id='line_1_30' title="bbox 155 2262 1595 2315; baseline 0 -15"><span class='ocrx_word' id='word_1_218' title='bbox 155 2275 245 2310; x_wconf 87' lang='lat' dir='ltr'>nus,</span> <span class='ocrx_word' id='word_1_219' title='bbox 266 2262 412 2314; x_wconf 81' lang='lat' dir='ltr'><strong>Georg.</strong></span> <span class='ocrx_word' id='word_1_220' title='bbox 432 2262 649 2310; x_wconf 84' lang='lat' dir='ltr'>Fabricius,</span> <span class='ocrx_word' id='word_1_221' title='bbox 682 2263 804 2302; x_wconf 87' lang='lat' dir='ltr'>Henr.</span> <span class='ocrx_word' id='word_1_222' title='bbox 824 2263 1063 2315; x_wconf 77' lang='lat' dir='ltr'>Stephanus,</span> <span class='ocrx_word' id='word_1_223' title='bbox 1082 2263 1179 2302; x_wconf 89' lang='lat' dir='ltr'><strong>Adr.</strong></span> <span class='ocrx_word' id='word_1_224' title='bbox 1214 2264 1435 2311; x_wconf 88' lang='lat' dir='ltr'>Turnebus,</span> <span class='ocrx_word' id='word_1_225' title='bbox 1466 2264 1595 2301; x_wconf 84' lang='lat' dir='ltr'>Janus</span> 
     </span>
     <span class='ocr_line' id='line_1_31' title="bbox 154 2324 1600 2377; baseline -0.001 -13"><span class='ocrx_word' id='word_1_226' title='bbox 154 2325 307 2374; x_wconf 83' lang='lat' dir='ltr'>Dousa,</span> <span class='ocrx_word' id='word_1_227' title='bbox 327 2325 447 2376; x_wconf 85' lang='lat' dir='ltr'><strong>Greg.</strong></span> <span class='ocrx_word' id='word_1_228' title='bbox 467 2324 748 2374; x_wconf 88' lang='lat' dir='ltr'>Bersmannus,</span> <span class='ocrx_word' id='word_1_229' title='bbox 766 2327 872 2366; x_wconf 85' lang='lat' dir='ltr'><strong>Dan.</strong></span> <span class='ocrx_word' id='word_1_230' title='bbox 900 2327 1102 2374; x_wconf 82' lang='lat' dir='ltr'>Heinsius,</span> <span class='ocrx_word' id='word_1_231' title='bbox 1135 2327 1262 2365; x_wconf 82' lang='lat' dir='ltr'>Janus</span> <span class='ocrx_word' id='word_1_232' title='bbox 1282 2326 1530 2377; x_wconf 72' lang='lat' dir='ltr'>RutgersiuS,</span> <span class='ocrx_word' id='word_1_233' title='bbox 1559 2331 1600 2364; x_wconf 89' lang='lat' dir='ltr'>et</span> 
     </span>
    </p>
   </div>
   <div class='ocr_carea' id='block_1_5' title="bbox 156 2388 1596 2490">
    <p class='ocr_par' dir='ltr' id='par_1_19' title="bbox 156 2388 1596 2490">
     <span class='ocr_line' id='line_1_32' title="bbox 156 2388 1596 2438; baseline 0 -11"><span class='ocrx_word' id='word_1_234' title='bbox 156 2388 330 2427; x_wconf 85' lang='lat' dir='ltr'>eruditus</span> <span class='ocrx_word' id='word_1_235' title='bbox 340 2388 634 2427; x_wconf 86' lang='lat' dir='ltr'>Commentator</span> <span class='ocrx_word' id='word_1_236' title='bbox 650 2390 829 2429; x_wconf 81' lang='lat' dir='ltr'>Loevinus</span> <span class='ocrx_word' id='word_1_237' title='bbox 840 2391 1082 2438; x_wconf 82' lang='lat' dir='ltr'>Torrentius,</span> <span class='ocrx_word' id='word_1_238' title='bbox 1098 2389 1258 2429; x_wconf 90' lang='lat' dir='ltr'>tandem</span> <span class='ocrx_word' id='word_1_239' title='bbox 1272 2389 1483 2427; x_wconf 84' lang='lat' dir='ltr'>novissime</span> <span class='ocrx_word' id='word_1_240' title='bbox 1495 2388 1596 2427; x_wconf 85' lang='lat' dir='ltr'><strong>Tan.</strong></span> 
     </span>
     <span class='ocr_line' id='line_1_33' title="bbox 157 2448 723 2490; baseline 0.004 -2"><span class='ocrx_word' id='word_1_241' title='bbox 157 2450 284 2488; x_wconf 81' lang='lat' dir='ltr'>Faber</span> <span class='ocrx_word' id='word_1_242' title='bbox 301 2457 342 2489; x_wconf 87' lang='lat' dir='ltr'>et</span> <span class='ocrx_word' id='word_1_243' title='bbox 359 2448 483 2489; x_wconf 87' lang='lat' dir='ltr'><strong>Andr.</strong></span> <span class='ocrx_word' id='word_1_244' title='bbox 504 2450 723 2490; x_wconf 88' lang='lat' dir='ltr'>Dacierius.</span> 
     </span>
    </p>
   </div>
   <div class='ocr_carea' id='block_1_6' title="bbox 160 2512 1598 2755">
    <p class='ocr_par' dir='ltr' id='par_1_20' title="bbox 160 2512 1598 2755">
     <span class='ocr_line' id='line_1_34' title="bbox 216 2512 1596 2566; baseline 0.004 -17"><span class='ocrx_word' id='word_1_245' title='bbox 216 2512 316 2550; x_wconf 88' lang='grc'><strong>1561</strong></span> <span class='ocrx_word' id='word_1_246' title='bbox 348 2512 601 2551; x_wconf 84' lang='lat' dir='ltr'>Lambiniana</span> <span class='ocrx_word' id='word_1_247' title='bbox 637 2526 669 2553; x_wconf 89' lang='lat'>1.</span> <span class='ocrx_word' id='word_1_248' title='bbox 715 2515 766 2560; x_wconf 87' lang='lat' dir='ltr'>Q.</span> <span class='ocrx_word' id='word_1_249' title='bbox 803 2516 990 2555; x_wconf 87' lang='lat' dir='ltr'>Horatius</span> <span class='ocrx_word' id='word_1_250' title='bbox 1028 2516 1208 2554; x_wconf 89' lang='lat' dir='ltr'>Flaccus.</span> <span class='ocrx_word' id='word_1_251' title='bbox 1263 2514 1324 2551; x_wconf 87' lang='lat' dir='ltr'>Ex</span> <span class='ocrx_word' id='word_1_252' title='bbox 1359 2513 1436 2553; x_wconf 86' lang='lat' dir='ltr'>fide</span> <span class='ocrx_word' id='word_1_253' title='bbox 1475 2521 1596 2566; x_wconf 81' lang='lat' dir='ltr'>atque</span> 
     </span>
     <span class='ocr_line' id='line_1_35' title="bbox 161 2573 1593 2630; baseline 0.003 -18"><span class='ocrx_word' id='word_1_254' title='bbox 161 2573 395 2613; x_wconf 76' lang='lat' dir='ltr'>auctoritate</span> <span class='ocrx_word' id='word_1_255' title='bbox 425 2574 560 2613; x_wconf 87' lang='lat' dir='ltr'>decem</span> <span class='ocrx_word' id='word_1_256' title='bbox 592 2575 775 2617; x_wconf 86' lang='lat' dir='ltr'>librorum</span> <span class='ocrx_word' id='word_1_257' title='bbox 794 2577 895 2618; x_wconf 84' lang='lat' dir='ltr'>Mss.</span> <span class='ocrx_word' id='word_1_258' title='bbox 915 2580 1045 2630; x_wconf 84' lang='lat' dir='ltr'>Opera</span> <span class='ocrx_word' id='word_1_259' title='bbox 1064 2576 1244 2628; x_wconf 83' lang='lat' dir='ltr'>Dionysii</span> <span class='ocrx_word' id='word_1_260' title='bbox 1265 2577 1455 2624; x_wconf 86' lang='lat' dir='ltr'>Lambini,</span> <span class='ocrx_word' id='word_1_261' title='bbox 1475 2578 1593 2617; x_wconf 85' lang='lat' dir='ltr'>Mon-</span> 
     </span>
     <span class='ocr_line' id='line_1_36' title="bbox 160 2635 1598 2694; baseline 0.004 -20"><span class='ocrx_word' id='word_1_262' title='bbox 160 2636 269 2675; x_wconf 84' lang='lat' dir='ltr'>strol.</span> <span class='ocrx_word' id='word_1_263' title='bbox 287 2635 541 2676; x_wconf 86' lang='lat' dir='ltr'>emendatus:</span> <span class='ocrx_word' id='word_1_264' title='bbox 570 2639 619 2677; x_wconf 88' lang='lat' dir='ltr'>ab</span> <span class='ocrx_word' id='word_1_265' title='bbox 638 2640 852 2694; x_wconf 83' lang='lat' dir='ltr'>eodemque</span> <span class='ocrx_word' id='word_1_266' title='bbox 885 2639 1186 2681; x_wconf 81' lang='lat' dir='ltr'>Commentariis</span> <span class='ocrx_word' id='word_1_267' title='bbox 1214 2639 1491 2692; x_wconf 83' lang='lat' dir='ltr'>copiosissimis</span> <span class='ocrx_word' id='word_1_268' title='bbox 1507 2640 1598 2680; x_wconf 90' lang='lat' dir='ltr'>illu·</span> 
     </span>
     <span class='ocr_line' id='line_1_37' title="bbox 161 2700 1597 2755; baseline 0.006 -18"><span class='ocrx_word' id='word_1_269' title='bbox 161 2705 321 2746; x_wconf 86' lang='lat' dir='ltr'>stratus,</span> <span class='ocrx_word' id='word_1_270' title='bbox 358 2712 463 2739; x_wconf 87' lang='lat' dir='ltr'>nunc</span> <span class='ocrx_word' id='word_1_271' title='bbox 499 2700 662 2752; x_wconf 90' lang='lat' dir='ltr'>primum</span> <span class='ocrx_word' id='word_1_272' title='bbox 697 2703 736 2742; x_wconf 86' lang='lat' dir='ltr'>in</span> <span class='ocrx_word' id='word_1_273' title='bbox 784 2705 912 2745; x_wconf 86' lang='lat' dir='ltr'>lucem</span> <span class='ocrx_word' id='word_1_274' title='bbox 945 2704 1091 2750; x_wconf 81' lang='lat' dir='ltr'>editus,</span> <span class='ocrx_word' id='word_1_275' title='bbox 1121 2716 1192 2755; x_wconf 90' lang='lat' dir='ltr'>per</span> <span class='ocrx_word' id='word_1_276' title='bbox 1237 2703 1303 2744; x_wconf 87' lang='lat' dir='ltr'>Jo.</span> <span class='ocrx_word' id='word_1_277' title='bbox 1337 2704 1597 2745; x_wconf 78' lang='lat' dir='ltr'>Tornoesium.</span> 
     </span>
    </p>
   </div>
   <div class='ocr_carea' id='block_1_7' title="bbox 161 2759 345 2813">
    <p class='ocr_par' dir='ltr' id='par_1_21' title="bbox 161 2759 345 2813">
     <span class='ocr_line' id='line_1_38' title="bbox 161 2759 345 2813; baseline 0.005 -13"><span class='ocrx_word' id='word_1_278' title='bbox 161 2759 286 2813; x_wconf 81' lang='lat' dir='ltr'><strong>Lugd.</strong></span> <span class='ocrx_word' id='word_1_279' title='bbox 305 2763 345 2801; x_wconf 87' lang='lat'>4.</span> 
     </span>
    </p>
   </div>
  </div>
 </body>
</html>
