1858 3184
299 206 412 251 1984
715 218 973 249 Recnnsvs
1009 218 1294 256 annuorum

356 331 458 368 1729
485 342 574 368 cum
594 329 775 368 Juveneii
795 330 914 367 notis.
933 328 1074 368 Colon.
1096 333 1133 368 8.

349 414 403 421 -—
430 405 519 431 cum
536 406 636 432 vers.
657 393 875 432 Tarteroni.
897 394 1024 431 Amst.
1044 396 1105 432 12.

354 458 458 495 1730
489 457 714 495 Duhamelii
733 470 784 496 11.
804 457 929 495 Paris.
948 460 971 493 2
995 457 1087 496 voll.
1111 460 1150 495 8.

297 546 301 550 -
349 543 403 549 ——
429 532 519 558 cum
553 519 735 559 emendd.
775 528 815 559 et
851 522 1009 574 interpr.
1038 534 1156 560 nova.
1189 520 1380 573 Glasguae
1423 534 1488 574 ap.
1526 521 1576 561 R.
1615 527 1654 560 et
1690 520 1738 568 A.

301 584 452 624 Foulis.
476 585 514 621 8.

354 649 452 686 1731
488 648 532 685 In
553 647 672 699 Corp.
706 650 829 700 poett.
865 649 992 687 Latin.
1028 662 1117 687 cum
1148 649 1324 687 versione
1360 649 1500 688 Italica
1534 648 1742 688 editorum.

297 710 528 751 Mediolani.
549 713 590 749 4.
629 711 742 750 Tom.
764 719 866 751 v11'1.
887 719 926 750 et
948 725 1015 750 1x.

347 797 402 804 —
430 774 657 813 Carminum
678 776 778 814 Libr.
801 788 843 813 v.
872 776 1068 814 recensuit
1088 781 1128 813 et
1156 788 1205 813 ex
1239 775 1405 814 vetustis
1439 775 1740 828 exemplaribus,

294 837 408 876 editt.
425 843 467 876 et
483 839 772 878 commentariis
792 839 1015 878 emendavit
1034 839 1183 890 Georg.
1205 839 1346 877 Wade.
1368 839 1535 879 Londin.
1558 853 1626 892 per
1644 839 1742 877 Gui-

293 900 372 940 liel.
392 901 568 953 Bowyer.
590 904 628 941 8.
685 902 824 941 Editor
852 903 1025 941 carmina
1044 903 1095 941 ad
1115 903 1353 942 certissimas
1386 904 1478 942 artis
1515 905 1601 942 crit.
1630 916 1739 954 regg.

294 977 411 1015 quam
431 965 608 1015 plurimis
628 965 725 1004 locis
757 966 991 1005 emendasse
1012 979 1056 1005 se
1078 967 1295 1018 profitetur,
1321 980 1447 1018 neque
1466 979 1558 1006 vero
1577 967 1662 1006 visa
1680 973 1742 1005 est

293 1028 381 1066 haee
401 1029 497 1067 edit.
511 1029 563 1068 cl.
585 1029 716 1067 Janio.
1148 1024 1156 1028 “

345 1112 402 1120 ·-
427 1103 515 1128 cum
536 1092 640 1129 notis
661 1091 865 1130 Junckeri.
888 1092 994 1144 Lips.
1020 1094 1080 1130 12.

345 1176 400 1183 —-
427 1154 531 1206 apud
553 1154 714 1194 Robert.
733 1155 1023 1193 Freebarnium.
1045 1155 1188 1194 Edinb.
1212 1158 1275 1195 12.

351 1219 454 1256 1733
487 1218 618 1257 AEneis
651 1218 798 1257 tabulis
828 1218 966 1257 incidit
998 1219 1062 1257 Jo.
1083 1218 1196 1257 Pine.
1226 1218 1353 1257 Lond.
1373 1221 1398 1257 2
1430 1219 1526 1259 voll.
1546 1219 1743 1259 8.—Haec

292 1282 466 1319 omnium
500 1281 820 1333 splendidissima
838 1282 959 1321 editio
991 1282 1137 1320 affabre
1157 1283 1320 1335 graphio
1350 1282 1518 1322 Piniano
1548 1296 1627 1322 aere
1654 1284 1746 1322 niti·

292 1341 452 1382 dissime
486 1344 537 1382 ad
571 1345 785 1383 editionem
824 1345 1096 1383 Talbotianam
1124 1358 1189 1385 an.
1229 1347 1344 1384 1701.
1384 1347 1446 1384 12.
1480 1346 1678 1398 descripta
1704 1354 1746 1384 et

293 1407 452 1458 sculpta
470 1413 544 1447 est.

345 1493 402 1500 —-
426 1483 475 1509 ex
493 1471 675 1522 castigat.
696 1476 737 1509 et
769 1483 804 1508 c.
825 1471 1021 1510 observat.
1054 1471 1236 1518 Bentleii,
1264 1471 1530 1524 Cuningamii,
1559 1479 1600 1510 et
1618 1473 1742 1511 Sana-

291 1534 401 1574 doni.
424 1534 569 1572 Hamb.
589 1535 689 1586 Typ.
710 1534 758 1573 A.
778 1547 853 1572 van
875 1533 953 1572 den
976 1535 1118 1573 Hoeck.
1144 1536 1217 1574 12..

344 1620 400 1626 --
428 1598 461 1635 E
479 1597 742 1648 typographia
762 1597 904 1648 Regia.
934 1598 1060 1636 Paris.
1083 1598 1302 1637 16.—Haee
1338 1598 1459 1637 editio
1478 1597 1600 1637 literis
1619 1598 1748 1637 minu-

291 1661 452 1699 tissimis
469 1661 674 1712 impressa,
693 1666 735 1699 et
753 1660 968 1699 admodum
984 1673 1087 1700 rara.

345 1746 400 1753 -—
428 1724 586 1763 Dacerii
609 1737 651 1763 v.
687 1732 804 1763 aucta
823 1724 928 1762 notis
948 1732 990 1762 et
1019 1737 1121 1763 varr.
1140 1724 1250 1764 lectt.
1271 1724 1454 1772 Bentleii,
1482 1725 1745 1777 Cuningamii,

291 1795 332 1827 et
352 1787 569 1827 Sanadoni.
589 1788 718 1826 Amst.
738 1801 801 1839 ap.
821 1801 898 1826 van
917 1787 996 1827 den
1015 1788 1134 1827 Hoek.
1153 1790 1179 1826 4
1199 1788 1292 1828 voll.
1313 1791 1352 1826 4.

345 1874 400 1882 —-
427 1851 591 1899 Eadem,
614 1851 710 1890 ibid.
736 1853 799 1890 12.
821 1865 868 1890 x.
890 1853 981 1892 voll.

343 1937 400 1945 --
426 1915 492 1952 Jo.
530 1914 727 1952 Harduini
752 1915 1121 1954 Pseudo-Horatius
1151 1929 1183 1953 s.
1215 1916 1572 1955 animadversiones
1603 1916 1747 1955 criticae

289 1979 330 2016 in
366 1977 520 2016 Horatii
559 1990 691 2029 opera,
724 1978 764 2015 in
796 1977 923 2028 ejusd.
960 1977 1155 2028 Operibus
1172 1978 1303 2023 variis,
1324 1979 1450 2017 Amst.
1481 1979 1549 2016 fol.
1581 1991 1622 2029 p.
1653 1980 1746 2018 328.

291 2054 383 2093 sqq.

348 2107 396 2143 17
402 2107 454 2143 34
482 2104 558 2143 Ge.
579 2103 780 2142 Waddelii
802 2104 1088 2143 animadverss.
1123 2105 1270 2144 critieae
1290 2105 1329 2143 in
1349 2105 1438 2144 loca
1454 2105 1641 2157 quaedam
1661 2106 1745 2144 Ho-

288 2169 393 2217 ratii,
411 2172 488 2208 &c.
508 2181 571 2220 ap.
593 2167 756 2206 Robert.
777 2167 1070 2207 Freebarnium.
1091 2168 1235 2208 Edinb.
1259 2170 1297 2208 8.

350 2234 453 2272 1735
482 2232 639 2271 Dacerii
657 2238 698 2270 et
728 2231 930 2270 Sanadoni
952 2239 1144 2284 congesta
1174 2232 1310 2281 editio,
1334 2233 1462 2272 Amst.
1497 2233 1603 2286 apud
1633 2234 1744 2274 Wet-

292 2297 409 2337 stein.
432 2304 473 2336 et
493 2297 633 2336 Smith.
654 2299 677 2335 8
694 2295 789 2335 voli.
811 2298 850 2334 8.

350 2363 454 2401 1736
482 2374 552 2414 per
571 2361 637 2402 Jo.
657 2361 795 2408 Jones,
825 2373 891 2412 ap.
912 2359 1147 2400 Brotherton
1164 2367 1205 2400 et
1236 2362 1301 2400 Jo.
1316 2361 1485 2401 Nourse.
1517 2361 1684 2401 Londin.
1706 2363 1746 2402 8.

291 2427 479 2466 Jonesius
511 2417 614 2465 Mss.
649 2424 888 2478 quibusdam
905 2438 1003 2463 usus
1036 2425 1262 2465 emendavit
1293 2425 1492 2478 quaedam,
1514 2425 1586 2466 sed
1604 2431 1646 2464 et
1675 2438 1745 2464 au-

292 2491 430 2530 dacter
448 2490 558 2538 satis,
588 2490 832 2542 subjecitque
851 2495 967 2528 notas
1000 2502 1109 2536 suas,
1130 2497 1212 2529 tum
1242 2489 1371 2530 varias
1390 2490 1500 2528 lectt.
1531 2495 1572 2529 et
1588 2489 1747 2542 conjec-

293 2561 402 2594 turas
422 2555 510 2594 virr.
534 2554 627 2594 DD.
649 2553 820 2606 denique
839 2553 1008 2593 indicem
1030 2554 1126 2594 edd.
1139 2568 1188 2594 ex
1202 2553 1400 2602 Fabricio,
1418 2566 1492 2593 nec
1500 2550 1642 2593 'tamen
1660 2553 1747 2592 lau·

293 2616 402 2664 dato,
424 2619 717 2671 transcriptum.
749 2618 951 2666 Doctrina,
985 2619 1117 2671 inquit
1149 2618 1256 2666 Jani,
1275 2617 1413 2657 critica
1440 2609 1571 2671 longe
1588 2617 1748 2657 inferior

289 2680 555 2731 Cuningamio
589 2689 630 2721 et
647 2682 843 2730 Bentleio,
881 2682 1137 2723 Sanadonum
1157 2683 1197 2721 in
1228 2681 1378 2731 multis,
1413 2694 1504 2733 quae
1522 2676 1558 2720 ei
1591 2679 1745 2734 propria

294 2750 401 2792 sunt,
423 2747 611 2795 sequitur.

347 2831 400 2838 -—
428 2821 516 2847 cum
536 2821 635 2847 vers.
657 2810 874 2851 Tarteroni.
895 2811 1020 2850 Paris.
1045 2812 1081 2849 8.
1103 2817 1141 2848 et
1165 2812 1227 2849 12.
