1858 3184
426 244 633 276 nonna
666 243 1014 288 nris‘rommuu
1050 237 1145 278 ms.
1174 246 1229 276 ιι.
1258 235 1301 277 1.

142 330 279 377 populo.
296 337 441 371 Tor-rent.
487 329 720 378 Dans-gissi]
744 337 833 368 Dum

141 385 222 428 ruga
238 388 380 431 hostium
392 387 579 420 simulatur.

186 438 247 468 191
271 437 351 468 Mox
373 435 522 477 trahitur]
561 436 645 468 Mox
666 436 699 468 iu
716 435 834 468 trium-

142 488 208 528 pho
220 487 390 520 ducuntur
403 497 500 528 reges
516 488 596 520 olim
617 487 781 520 fortunati
797 491 834 519 et

142 542 312 579 potentes.
357 538 513 580 Retortt's]
535 537 694 570 Manibus
706 547 727 570 a
738 542 835 578 tergo

142 587 315 620 revinctis.

140 648 143 649 ⁷
187 640 250 670 192
270 636 739 678 EssedafcsfiaantJVehicula
752 636 835 668 Gal-

140 689 221 720 lica.
265 688 408 729 Pinna]
426 688 659 719 Matronarum
670 687 834 719 vehicula.

141 737 314 777 Petu-rita,
327 736 434 778 aava]
455 737 620 770 Vehicula
631 736 833 770 famularum

140 787 365 832 captivarum,
380 797 454 829 quae
471 787 584 820 omnia
599 787 643 820 ad
658 792 834 830 spectacu-

139 837 209 869 lum
224 836 482 870 adducebantur
496 838 530 870 iu
544 838 737 870 Theatrum.

181 890 243 920 193
259 888 362 930 Ebur]
371 889 541 930 Imagines
553 890 725 922 eburnea’.
750 890 832 932 Cap-

138 937 205 970 noa
220 938 406 980 Corinthus]
436 940 560 979 Tanta,
572 940 696 982 inquit,
708 940 834 972 theatri

139 997 274 1030 pompa,
309 994 349 1021 ut
383 990 439 1022 vel
467 991 756 1031 speciosissimum
794 991 835 1023 1..

139 1038 295 1083 Mummii
309 1039 450 1072 Achaici
469 1040 512 1072 de
535 1040 699 1073 Corintho
715 1050 836 1073 eversa

140 1089 344 1130 'triumphum
373 1100 507 1131 aequare
537 1097 664 1131 posset.
692 1091 836 1124 Torreut.

144 1138 276 1178 Captiva
300 1139 487 1180 Corinthus]
519 1139 766 1172 Simulachrum
782 1150 836 1172 ur-

141 1187 194 1219 bis
209 1188 376 1228 Corinthi,
398 1199 498 1231 quam
522 1189 560 1221 L.
576 1190 761 1221 Mummius
783 1199 838 1222 ce·

142 1239 207 1279 pit,
221 1248 262 1271 ac
277 1233 458 1271 demolitus
476 1244 541 1272 est.

186 1291 248 1320 194
285 1289 501 1330 Democritus]
544 1286 768 1331 Philosophus
794 1290 838 1322 ad

141 1337 318 1370 ridendum
333 1338 505 1371 hominum
522 1339 685 1372 insaniam
698 1350 738 1372 ac
753 1341 838 1372 stul-

141 1387 249 1420 titiam
263 1393 387 1420 natura
401 1394 638 1431 comparatum
665 1395 704 1422 ut
719 1390 762 1422 ad
778 1388 838 1422 fle·

142 1443 213 1469 tum
240 1443 277 1470 et
301 1438 490 1479 lachrymas
513 1439 632 1471 eadem
655 1441 698 1472 de
720 1450 838 1472 caussa

140 1485 352 1526 Heraclitus.
367 1489 511 1520 Torrent-
532 1489 748 1531 Democritus]
758 1490 838 1522 Phi-

141 1536 299 1578 losophus
320 1537 519 1579 Abderites,
537 1539 596 1581 qui
615 1541 761 1572 omnium
777 1541 838 1573 ho-

141 1582 266 1630 miuum
281 1587 393 1620 studia
408 1593 570 1630 tanquam
590 1599 675 1621 vana
690 1590 837 1622 ridebat.

142 1638 206 1670 Seu
231 1639 398 1671 Diversum
418 1639 544 1678 confusa
568 1649 605 1679 g.
626 1650 658 1680 p.
682 1640 727 1681 c.]
758 1640 838 1672 Sive

142 1688 439 1729 camelopardalis,
453 1699 497 1719 ex
508 1689 639 1721 carnelo
651 1693 686 1721 et
696 1689 840 1730 panthe-

140 1734 182 1769 ἠ
197 1743 391 1779 concretus,
405 1741 468 1771 ὅτε.

187 1790 251 1818 196
272 1788 440 1819 Dicet-sum
453 1787 582 1826 confusa
593 1788 707 1829 genus]
733 1788 841 1819 Pere-

145 1835 262 1876 legaus
278 1841 315 1867 et
336 1837 471 1868 erudita
488 1836 767 1877 camelopardalis
782 1836 841 1868 de-

146 1885 300 1926 scriptio,
323 1886 358 1916 in
384 1895 452 1927 qua
472 1885 615 1916 duarum
642 1889 841 1918 naturarum

146 1933 300 1967 confusio
316 1936 453 1966 tertiam
474 1933 592 1968 efficit.
635 1935 769 1966 Primus
783 1945 840 1966 au-

143 1977 215 2016 'tem
240 1984 356 2016 Caesar
379 1985 540 2016 Dictator
561 1984 651 2016 ludis
675 1985 743 2016 suis
766 1984 840 2017 Cir-

146 2034 302 2065 censibus
330 2034 447 2065 Romae
476 2033 763 2075 camelopardalin
788 2044 841 2065 os-

147 2082 282 2116 tendit:
303 2088 342 2115 nt
363 2083 479 2124 tigrim
494 2082 670 2124 Augustus
686 2084 721 2115 in
735 2093 841 2116 cavea

145 2131 423 2171 mansuefactum.
447 2132 589 2165 Tor-ren.
809 2162 812 2167 ,

190 2183 253 2214 198
274 2182 375 2213 Mimo
399 2184 571 2223 spectacula
595 2184 703 2226 plura]
735 2183 841 2216 Plura

146 2239 250 2273 'quam
261 2230 391 2263 histrio.

190 2283 255 2312 199
266 2280 459 2322 Scriptores]
469 2281 607 2314 Poe‘tas.
629 2283 750 2325 Asello]
764 2284 841 2316 Sto-

148 2329 227 2361 ltdoe
243 2330 462 2362 multitudini.

191 2381 258 2410 200
283 2378 392 2411 Ascua
414 2381 571 2413 Fabellam
587 2382 696 2424 surdo]
711 2384 843 2416 ‘Surdo

151 2428 313 2468 narrare,’
323 2430 333 2446 ‘
343 2429 443 2461 surdo
451 2440 587 2472 canere,
594 2431 760 2472 suadere‚'
767 2443 845 2474 pro·-

153 2477 295 2508 verbiali
312 2478 485 2510 schemate
507 2479 661 2519 dicimus,
685 2490 747 2521 pro
762 2491 844 2523 ope·

153 2534 226 2555 ram
241 2525 398 2565 perdere.
442 2527 491 2558 At
505 2528 667 2559 Horatius
682 2529 749 2561 duo
764 2531 843 2563 ridi-

155 2575 232 2606 cula
256 2575 444 2615 conjunxit,
470 2576 598 2608 asinum
614 2587 757 2620 eumque
772 2589 844 2612 sur-

155 2624 247 2654 dum.
271 2624 414 2656 Tment.
460 2625 539 2662 Quoe
550 2627 730 2667 pervincere
742 2629 845 2670 voces]

156 2673 242 2706 Quis
267 2673 387 2705 histrio
410 2680 477 2706 tam
497 2676 632 2713 vocalis,
650 2677 707 2719 qui
728 2680 846 2721 populi

157 2724 337 2755 ciamarem
362 2734 522 2764 superare
545 2731 671 2768 posset,
705 2726 847 2771 propter

156 2770 319 2805 reflexam
335 2773 431 2806 Echo
445 2774 458 2805 ?

1469 235 1580 280 1859

926 338 990 367 202
1021 337 1222 379 Garganum]
1252 338 1409 370 Mentem
1434 337 1581 380 Apuliae.

883 386 977 418 Mare
992 385 1141 426 meum]
1161 387 1260 419 Mare
1274 387 1496 428 Tyrrhenum.

926 439 990 468 203
1007 437 1053 468 Ee
1063 437 1169 481 artes]
1185 437 1335 469 Habitus
1357 437 1484 469 actoris
1501 439 1581 469 arti-

883 485 1019 517 ficiosus
1035 490 1071 517 et
1087 486 1252 518 exoticus.

938 538 1003 567 204
1034 535 1161 572 Oblitus
1187 536 1290 578 actor]
1321 535 1453 570 Quibus
1483 541 1581 569 actor

885 585 1034 627 indutus,
1061 596 1121 618 seu
1150 586 1263 628 potius
1298 586 1579 627 commaculatus,

884 638 950 669 διο.

927 690 990 720 205
1016 680 1185 720 concub-rit
1198 688 1328 719 dextera
1348 687 1450 728 laevoe]
1477 687 1582 720 Plau·

885 736 1037 769 dentium
1064 743 1198 778 gestum
1225 736 1402 768 describit.
1437 737 1580 770 Torreat.

888 787 1056 818 Canem-rit
1065 788 1196 819 dextera
1208 786 1313 828 laevoe]
1328 786 1473 817 Plausus
1488 797 1507 817 a
1519 796 1579 827 po—

885 836 965 878 pulo
981 837 1082 869 datur
1097 841 1239 878 propter
1253 837 1446 877 elegantem
1462 841 1579 868 aucto-

884 886 930 918 ris
946 888 1119 927 vestitum,
1138 897 1206 919 nou
1229 892 1372 929 propter
1393 887 1580 919 orationem

884 936 960 978 ejus
974 938 1031 979 qui
1047 936 1129 968 nihil
1143 937 1252 968 adhuc
1265 936 1410 970 dixerat.

926 989 990 1018 206
1015 987 1102 1023 Quid
1113 988 1215 1027 placet
1229 987 1321 1029 ergo]
1345 987 1437 1021 Quid
1464 988 1582 1030 placet

885 1037 1138 1078 spectatoribus
1149 1038 1161 1069 ?

926 1091 989 1119 207
1018 1088 1107 1120 Lana
1132 1088 1299 1120 Tarentina
1326 1089 1423 1120 violas
1450 1089 1575 1121 imitata

884 1138 1014 1179 emeno]
1038 1138 1164 1169 Pulcre
1184 1138 1316 1170 Plinius
1332 1147 1412 1170 xxr.
1426 1140 1458 1169 8.
1489 1140 1498 1156 ‘
1511 1139 1583 1170 Na-

885 1187 1024 1229 turam‚'
1045 1187 1166 1229 inquit,
1180 1189 1190 1205 ‘
1204 1184 1356 1229 gaudens
1372 1187 1494 1220 vicisse
1507 1188 1585 1220 lux·

886 1237 970 1275 uria,
987 1237 1138 1269 vestibus
1154 1246 1288 1279 quoque
1310 1237 1509 1278 provocavit
1524 1246 1583 1269 eos

884 1285 999 1324 flores,
1013 1286 1072 1328 qui
1087 1286 1200 1318 colore
1213 1285 1517 1318 commendantur!
1539 1287 1586 1318 Et

885 1337 930 1368 de
946 1336 1043 1368 violis
1059 1335 1210 1377 quidem,
1231 1335 1382 1376 ejusdem
1402 1335 1479 1367 libri
1506 1344 1583 1377 cap.

884 1389 917 1418 6.
943 1395 1020 1418 cum
1048 1386 1217 1418 variorum
1245 1385 1315 1417 sint
1343 1394 1508 1426 generum
1537 1385 1582 1417 ob

884 1434 1110 1476 multiplicem
1125 1435 1286 1473 colorem,
1296 1444 1353 1466 eas
1367 1444 1442 1477 quae
1456 1444 1584 1476 purpu-

885 1493 952 1517 reae
983 1485 1051 1516 siut
1081 1485 1259 1526 praecipue
1284 1485 1455 1526 placuisse
1486 1485 1584 1525 dicit,

886 1545 970 1577 quas
996 1535 1111 1568 Graeci
1138 1534 1171 1566 ἴα
1193 1539 1319 1567 vocant
1333 1546 1342 1567 ι
1374 1535 1452 1567 hinc
1479 1535 1585 1576 igitur

884 1585 1052 1616 ‘ianthina
1066 1584 1191 1625 vestis,’
1204 1584 1324 1616 eadem
1337 1585 1490 1616 nimirum
1507 1594 1583 1626 quae

886 1639 924 1667 et
933 1636 943 1652 ‘
953 1636 1180 1676 amethystina
1193 1635 1214 1666 ι’
1239 1644 1305 1676 qua
1317 1634 1359 1665 de
1371 1644 1494 1666 caussa
1506 1643 1586 1665 auc-

888 1691 978 1716 tores
993 1685 1153 1717 coccinea
1167 1685 1238 1715 sive
1250 1684 1357 1724 Tyria
1372 1694 1447 1715 cum
1465 1684 1585 1715 ianthi-

888 1734 943 1766 nis
956 1739 992 1765 et
1008 1733 1242 1774 amethystinis
1255 1742 1348 1773 saepe
1365 1733 1587 1774 conjungunt.

891 1783 1033 1815 Tment.
1071 1783 1161 1814 Lana
1176 1781 1359 1822 Tarentino]
1382 1781 1498 1813 Vestis
1515 1781 1585 1813 vio-

889 1833 978 1864 lacei
1003 1833 1139 1865 coloris.
1174 1832 1312 1873 Veneno]
1340 1832 1477 1863 Colore.
1521 1832 1586 1863 Ta-

889 1882 979 1914 renti
1004 1887 1118 1914 autem
1143 1881 1273 1922 optima
1301 1889 1453 1922 purpura
1478 1881 1587 1912 tincta

889 1931 967 1963 fnit.
1384 1956 1389 1963 ,

931 1983 995 2013 208
1027 1980 1107 2017 Quoe
1134 1980 1244 2030 jacere
1271 1979 1354 2022 ipse]
1391 1979 1585 2012 Comoedias

890 2031 1052 2063 scribere.

930 2083 996 2113 209
1011 2080 1170 2122 Muligne]
1186 2081 1299 2113 Parce
1308 2080 1458 2113 laudare.

932 2133 996 2163 210
1009 2131 1070 2163 Ille
1082 2140 1139 2172 per
1153 2130 1446 2171 extentumfunem]
1468 2130 1586 2171 Usque

890 2181 976 2212 adeo
992 2190 1058 2212 non
1073 2181 1235 2221 maligne,
1254 2181 1320 2212 hoc
1344 2185 1409 2220 est,
1431 2189 1534 2220 parce
1551 2183 1588 2210 et

891 2231 1156 2271 dissimulanter,
1167 2230 1329 2271 Tragicos
1342 2229 1463 2261 laudat
1476 2228 1588 2260 Hora-

890 2281 975 2320 tius;
997 2286 1036 2312 ut
1046 2281 1134 2312 ultro
1148 2280 1250 2312 etiam
1263 2278 1412 2310 fateatur
1423 2288 1500 2309 eum
1517 2286 1586 2308 rem

891 2337 1057 2372 praestare
1066 2331 1174 2362 multo
1183 2328 1428 2363 difficillimam,
1439 2327 1497 2368 qui
1507 2327 1589 2358 Tra·

891 2380 957 2421 gici
969 2380 1087 2412 Poetae
1101 2388 1220 2410 munus
1233 2377 1436 2417 adimpleat;
1452 2376 1498 2406 ita
1511 2384 1587 2416 quae

894 2431 987 2472 velit,
1010 2430 1219 2467 describens,
1245 2433 1363 2459 utnon
1381 2425 1502 2466 audiri,
1525 2425 1586 2457 sed

893 2489 1005 2512 eoram
1015 2478 1165 2519 conspici
1176 2476 1343 2507 videatur.
1356 2474 1498 2506 Tmene.
1521 2474 1588 2506 Per

892 2528 1066 2569 extentum]
1089 2526 1240 2558 Videtur
1252 2534 1323 2556 rem
1339 2523 1511 2556 difficilem
1526 2533 1587 2565 ag-

894 2578 1001 2619 gredi,
1012 2582 1049 2607 ut
1062 2574 1291 2606 funambulus.

938 2630 999 2658 211
1017 2627 1125 2657 Meum
1139 2625 1192 2666 qui
1204 2624 1324 2666 pedus]
1345 2625 1414 2658 Qui
1439 2624 1587 2656 animum

895 2686 1007 2709 meum
1022 2677 1093 2707 sine
1108 2684 1209 2707 causa
1227 2675 1419 2716 perturbat.
1443 2675 1588 2706 Inaniter

895 2726 1003 2767 angit]
1021 2724 1124 2756 Nulla
1137 2723 1227 2756 enim'
1241 2734 1440 2766 caussa,cur
1455 2730 1589 2766 specta·

900 2775 983 2807 toris
1005 2775 1132 2807 animus
1155 2783 1192 2806 re
1209 2784 1296 2807 vana
1319 2785 1359 2808 ac
1382 2774 1525 2812 ludicra,
1552 2779 1587 2806 et
