1858 3184
231 302 298 332 aut·
312 298 497 340 syllogismi
522 307 648 340 genus,
669 299 758 340 quod
782 297 930 339 σωρείτης

230 349 357 382 dicitur
373 358 393 380 a
407 348 617 381 dialecticis:
634 358 710 380 cum
726 348 854 390 aliquid
871 348 928 378 mi-

230 399 360 431 nuatim
383 404 420 431 et
446 398 614 439 gradatim
639 398 778 430 additur
799 403 857 429 aut
872 397 929 429 de-

230 449 346 482 mitur.
371 449 523 481 Turneb.
539 457 628 480 xxx.
642 451 674 481 ⁷.
697 449 785 480 Tm.

271 502 315 531 48
332 499 429 531 Redit
439 500 480 530 ad
486 498 608 539 fastos]
633 498 672 530 In
683 499 795 540 proud
805 498 931 530 habent

230 550 347 592 plnres
375 554 413 580 et
438 549 594 580 meliores
617 548 716 580 codd.
744 558 808 580 nec
833 548 929 579 male.

229 599 355 631 Sensus
375 597 464 629 euim
488 601 552 638 est,
578 597 805 639 antiquarium
827 597 930 632 hunc,

231 647 545 690 quomodocumque
571 657 646 679 eum
671 657 806 688 premas
829 652 865 678 et
881 656 931 678 ra-

233 698 384 730 tionibus
396 697 588 738 convincas,
600 698 634 729 in
647 696 755 729 fastos
766 697 933 738 recidere,

231 753 268 780 et
284 748 444 780 virtutem
459 748 555 779 anuis
571 748 755 788 aestimare,
766 757 834 779 uon
849 756 932 788 quo-

230 798 344 837 modo,
358 797 418 830 sed
441 797 577 839 quando
600 797 682 839 quid
709 798 872 839 scriptum
887 797 933 828 sit

231 853 420 882 curantem.
445 849 590 880 Tor-rent.
648 848 701 879 Aa
720 848 841 889 fastos]
877 846 931 879 Ad

230 899 336 931 libros
363 899 526 939 annaleis,
552 899 586 929 in
612 899 734 940 quibus
751 899 932 931 Consulum

229 949 368 980 nomina
384 948 698 989 perscribebatur,
716 958 857 990 quorum
873 957 933 988 ap-

231 998 420 1039 pellatione
429 998 508 1029 anni
517 999 735 1032 notabantur.
764 998 931 1039 Virtutem,

230 1047 300 1088 ea]
322 1048 495 1079 Virtutem
511 1047 680 1080 carminis.

273 1101 318 1130 49
339 1099 543 1139 Miraturque
556 1097 640 1129 nihil
651 1097 729 1138 nisi]
751 1097 846 1129 Nihil
861 1098 932 1129 lau-

232 1147 293 1179 dat
318 1147 382 1179 nisi
409 1148 499 1189 quod
527 1150 699 1179 mortuum
722 1151 786 1184 est,
813 1147 848 1178 id
870 1152 934 1187 est,

231 1201 384 1229 mortuos
415 1196 567 1229 Poetas:
603 1197 647 1229 de
679 1197 829 1229 Libitina
856 1196 934 1229 vide

231 1256 289 1279 ιιι.
303 1247 371 1278 Od.
383 1250 436 1278 30.
458 1239 628 1287 'LibitiuaJ
644 1246 848 1288 Repetenda
857 1256 933 1288 quae

232 1296 350 1328 notavi
367 1305 408 1328 11.
421 1297 493 1327 Sat.
508 1299 541 1328 6.
563 1296 843 1338 ‘Autumnusque
858 1306 933 1336 gra-

232 1345 284 1378 vis
309 1345 471 1378 Libitinae
497 1350 646 1388 quir-stus
671 1346 826 1379 acerbae?
857 1347 934 1378 Tor-

232 1399 317 1431 rent,

205 1442 207 1446 '
276 1449 318 1478 50
335 1445 472 1487 Ennius]
493 1447 682 1479 Enumerat
695 1451 831 1479 veteres
846 1446 934 1479 Poe-

233 1501 310 1529 tas:
335 1506 477 1538 quorum
506 1497 623 1532 Bomae
650 1496 810 1528 familiam
837 1497 954 1528 duxit*

235 1547 383 1587 Enuius;
393 1547 449 1588 qui
460 1547 658 1580 Latinorum
668 1546 838 1579 Homerus
848 1556 935 1579 sem·

235 1607 298 1639 per
321 1597 456 1629 habitus
479 1596 605 1629 fuerit:
628 1597 735 1639 priori
757 1596 934 1637 Africano,

236 1648 335 1689 cujus
351 1656 405 1679 res
419 1652 534 1689 gestas
550 1648 702 1690 scripsit,
720 1652 756 1680 et
769 1647 934 1680 bellorum

235 1698 338 1730 etiam
354 1706 467 1730 comes
481 1696 561 1737 fuit,
583 1698 668 1729 adeo
684 1707 795 1739 carus,
815 1702 853 1729 ut
867 1701 936 1729 sta-

236 1753 331 1779 tuam
347 1747 420 1789 ejus
436 1747 593 1788 sepulcro
609 1755 670 1778 suo
685 1747 811 1788 imponi
825 1747 936 1788 jusse-

235 1798 290 1834 rit,
305 1798 500 1838 clarumque
513 1796 598 1828 illud
612 1805 732 1828 nomen
745 1807 787 1828 ex
800 1797 939 1829 devicta

235 1846 355 1879 Africa
364 1852 511 1888 partum,
522 1847 556 1878 in
565 1856 724 1887 supremo
733 1847 847 1878 cinere
859 1857 936 1878 cum

236 1897 357 1928 Poetae
386 1897 485 1928 titulo
511 1897 588 1936 legi.
646 1897 804 1928 Praesens
831 1896 938 1937 igitur

235 1946 374 1978 Horatii
389 1955 506 1977 versus
530 1946 581 1977 ita
606 1945 849 1986 intelligendus
873 1950 937 1986 est,

236 2001 275 2028 ut
291 2005 334 2027 ex
351 1996 450 2027 Ennii
466 1994 712 2037 quodammodo
729 2004 873 2035 persona
888 1996 938 2026 lo-

189 2057 196 2064 ·
237 2045 295 2088 qui
311 2045 480 2083 videatur,
496 2045 554 2085 qui
569 2049 620 2076 tot
633 2045 768 2076 nomina
780 2044 845 2075 sibi
861 2045 934 2085 ipse

236 2096 404 2128 sumserit.
439 2096 582 2126 Torrent-
639 2095 734 2126 Alter
761 2093 937 2135 Homerus]

237 2146 366 2178 Ennius
382 2145 525 2177 animam
543 2143 686 2176 Homeri
710 2145 745 2175 in
767 2153 805 2176 se
829 2144 936 2176 immi-

237 2205 354 2238 grasse
371 2195 519 2228 dicebat.

279 2250 320 2280 61
334 2244 935 2287 Criticidicunt]Grammatici,scrip·

236 2304 348 2330 torum
363 2304 532 2330 censores.

280 2351 322 2380 52
340 2349 410 2385 Quo
423 2346 591 2389 promissa]
607 2346 661 2378 An
674 2346 848 2388 promissis
862 2346 935 2388 dig-

238 2408 280 2430 na
296 2403 452 2440 pri-estet,
479 2398 532 2440 qul
547 2398 691 2439 primum
706 2407 742 2429 se
760 2398 935 2430 Musarum

237 2450 393 2490 scopulos
406 2456 586 2489 superasse
599 2447 659 2481 ait.
704 2449 772 2484 Quo
784 2447 937 2489 promissa

236 2499 364 2539 cadant]
386 2499 443 2530 Ita
455 2499 668 2539 negligenter
678 2498 828 2539 scripsit,
841 2501 876 2529 ut
887 2498 935 2529 vi-

238 2548 362 2579 deatur
379 2547 624 2589 parvifacere,
648 2547 730 2590 quid
746 2548 789 2579 de
806 2556 843 2579 se
859 2556 933 2588 pro-

237 2597 368 2628 miserit
385 2598 438 2628 vel
454 2598 637 2630 somniarit.
673 2597 801 2630 Somnia
817 2598 937 2639 Pytha-

234 2647 347 2688 gorea]
379 2648 431 2678 Ex
460 2648 666 2689 Pythagorae
691 2647 937 2688 μετεμψυχόσει,

238 2707 298 2730 seu
313 2697 486 2729 animarum
501 2699 695 2730 traductione
708 2700 838 2739 petita:
861 2707 936 2741 quae

238 2757 414 2791 peramare
430 2749 584 2781 ridentur
599 2758 617 2781 a
634 2749 753 2781 Persio
768 2750 818 2781 his
835 2749 938 2782 versi·

686 206 827 237 NOTAE
870 204 1133 237 VARIORUM
1168 204 1220 236 m

979 297 1041 329 bus
1054 298 1128 330 Sat.
1142 306 1191 328 vr.
1202 297 1212 315 ‘
1224 297 1291 329 Cor
1298 296 1398 338 jubet
1408 296 1473 329 hoe
1484 295 1572 330 Enni
1584 303 1674 339 post-

979 357 1078 389 quam
1088 347 1271 379 destertuit
1281 356 1356 379 esse
1367 346 1559 378 Maeouides
1569 348 1676 382 Quiu-

980 404 1035 430 tus
1053 407 1184 438 pavone
1197 406 1239 428 ex
1252 396 1495 438 Pythagoreo!
1518 396 1602 428 Plus
1613 397 1678 429 ita·

980 457 1046 489 que
1065 447 1235 488 promittit
1247 457 1346 488 quam
1359 451 1514 488 proestat,
1527 445 1539 463 ‘
1549 446 1678 479 Ennius

979 498 1116 539 ingenio
1133 498 1310 538 maximus,
1320 501 1394 528 arie
1404 495 1520 528 rudis?
1536 496 1681 528 Torreat.

1023 551 1063 580 53
1088 548 1219 580 Noevius
1232 549 1266 579 in
1281 545 1438 586 manibus]
1470 545 1558 578 Ideo
1573 545 1675 577 mani·
1709 539 1715 544 '

979 600 1042 632 bus
1066 600 1129 631 teri
1157 604 1273 640 negat,
1296 598 1387 641 quod
1413 597 1457 629 ob
1482 595 1679 638 frequentes

981 649 1053 690 ejus
1069 649 1102 680 in
1117 657 1219 681 scena
1242 648 1372 680 fabulas
1398 646 1493 688 (nam
1515 645 1680 687 plurimus

982 704 1018 731 et
1039 698 1176 741 quidem
1199 698 1327 739 populo
1350 696 1558 738 gratissimas
1574 695 1681 736 scrip-

980 749 1064 781 sisse
1078 747 1225 789 dicitur)
1237 750 1448 788 spectatores
1457 754 1535 777 eum
1548 744 1680 776 recenti

981 809 1080 841 paene
1095 799 1257 831 niemoria
1274 801 1443 831 tenerent.
1485 796 1611 828 Placet
1623 805 1681 828 vo-

982 849 1064 881 teris
1091 849 1166 881 libri
1192 848 1412 890 glossarium:
1435 851 1444 865 ⁸
1462 846 1503 878 In
1524 845 1680 878 manibus

981 909 1048 931 non
1059 903 1126 940 est,
1135 899 1213 941 quia
1222 908 1287 930 non
1296 898 1463 939 reperitur
1471 896 1493 937 ς’
1506 900 1558 937 nt3
1565 904 1681 938 quam-

981 958 1080 991 quam
1107 958 1149 980 ea
1173 954 1278 981 aetate
1302 948 1359 980 vix
1382 950 1546 980 extarent
1569 945 1684 978 Naevii

981 1008 1100 1041 opera,
1126 1007 1192 1031 nou
1219 998 1320 1030 aliter
1343 1002 1454 1029 tamen
1475 997 1624 1028 hereret
1646 996 1681 1027 in

982 1048 1130 1080 omnium
1159 1047 1344 1084 mentibus,
1373 1055 1474 1088 quam
1503 1046 1533 1078 si
1562 1054 1683 1078 recens

983 1098 1152 1139 periisset.
1168 1098 1310 1143 Tor-reug.
1349 1095 1684 1128 Navia-inmunibus

981 1157 1043 1179 non
1068 1149 1131 1190 est]
1167 1148 1312 1179 Naevius
1337 1145 1450 1178 Poeta
1475 1146 1686 1187 Campanus,

983 1197 1094 1230 Ennio
1111 1197 1237 1238 senior,
1254 1206 1321 1229 non
1337 1196 1492 1229 manibus
1507 1196 1641 1229 teritur.

1026 1251 1069 1280 64
1091 1249 1178 1280 Pene
1191 1256 1308 1289 recens,
1328 1247 1401 1289 qun]
1430 1246 1539 1281 Quasi
1563 1253 1685 1280 reeens

982 1294 1043 1330 sit:
1219 1323 1226 1331 .

1025 1351 1066 1380 55
1093 1348 1173 1379 Uter
1197 1350 1268 1380 utro
1291 1348 1334 1380 sit
1359 1346 1463 1388 prior]
1498 1347 1588 1379 Utor
1614 1345 1683 1380 utri

982 1401 1139 1440 praestet.

1025 1451 1069 1480 56
1092 1448 1247 1480 Pacuvius
1269 1448 1354 1480 docti
1370 1446 1507 1488 samum,
1529 1447 1602 1489 Bra]
1635 1447 1685 1479 Ut

984 1498 1161 1530 Afranium
1191 1497 1397 1538 Menandro,
1419 1498 1578 1530 Plautum
1602 1497 1686 1539 Epi-

983 1550 1121 1581 charmo
1136 1555 1332 1590 comparat:
1352 1548 1400 1580 sic
1415 1548 1552 1579 videtur
1566 1547 1684 1580 dicere
1702 1584 1704 1586 v

984 1599 1170 1630 Pacuvium
1189 1598 1342 1640 Euripidi
1357 1597 1513 1639 similem,
1528 1599 1586 1640 qui
1611 1607 1684 1631 sce-

984 1649 1080 1681 nicus
1093 1649 1318 1692 Philosophus
1328 1647 1524 1681 dicebatur:
1537 1647 1683 1680 Accium

985 1699 1158 1740 Sophocli,
1183 1699 1280 1741 cujus
1309 1699 1467 1738 cothurni
1495 1697 1685 1731 sublimitas

987 1748 1031 1780 ab
1047 1749 1200 1780 omnibus
1215 1748 1389 1781 celebrata
1403 1753 1467 1782 est.
1501 1749 1567 1780 Est
1580 1748 1688 1789 igitur

985 1799 1093 1830 doctus
1113 1807 1211 1830 senex
1238 1797 1384 1830 fortusse
1410 1797 1614 1839 Euripides:
1639 1798 1688 1829 ula

986 1852 1037 1879 tus
1061 1857 1180 1888 senex,
1199 1848 1395 1889 Sophocles.
1423 1847 1557 1880 nmo.
1579 1854 1688 1880 xxvi.

985 1900 1040 1929 24.
1081 1898 1243 1929 Pacuvius
1263 1898 1364 1938 docti]
1394 1898 1566 1929 Pacuvius
1590 1901 1687 1929 octo-

986 1949 1158 1989 genutius,
1166 1948 1380 1980 existimatur
1390 1948 1433 1979 ab
1441 1948 1597 1980 omnibus
1603 1947 1686 1980 doo-

985 1996 1050 2030 tus‘.
1083 1997 1180 2029 Docti
1191 1997 1299 2038 Senia]
1314 1997 1389 2029 Nec
1401 1997 1560 2029 omittere
1574 1997 1687 2039 velim,

985 2047 1021 2078 in
1040 2046 1167 2079 „iacobi
1189 2046 1425 2079 Carondeletii
1449 2047 1568 2079 codice
1594 2048 1685 2079 inter

984 2098 1090 2130 linens
1104 2097 1373 2138 suprascriptum
1387 2106 1461 2129 esse
1486 2098 1571 2129 docti
1591 2098 1685 2135 senis,

984 2147 1019 2178 id
1045 2151 1109 2184 est,
1135 2147 1238 2187 Enni,
1262 2152 1297 2179 et
1320 2147 1392 2186 alli,
1415 2147 1531 2188 idest,
1551 2147 1689 2188 Naevl3’

986 2198 1132 2230 adscribi
1149 2203 1316 2239 proeterea
1339 2199 1373 2230 in
1397 2200 1571 2240 margine:
1595 2199 1690 2232 “Alii

984 2249 1103 2281 dicunt
1115 2249 1200 2281 docti
1221 2249 1304 2280 senis
1326 2249 1516 2291 Sophoclis,
1535 2250 1596 2282 alei
1618 2251 1687 2282 Eu-

985 2298 1130 2341 ripidis.’
1202 2298 1348 2331 Eosdem
1397 2300 1500 2331 etiam
1553 2298 1688 2331 confert

986 2348 1248 2382 Quinctilianus.
1277 2349 1421 2381 Torreat.
1473 2348 1559 2389 Alei]
1593 2349 1685 2381 Elati

984 2399 1119 2432 Poetae.

1028 2452 1070 2481 57
1091 2449 1209 2489 Ati-ani
1235 2449 1325 2490 toga]
1363 2449 1510 2489 Elegaus
1535 2448 1687 2489 dictum;

987 2500 1066 2540 quia
1081 2500 1170 2531 enim
1185 2499 1334 2540 'rogatas
1354 2498 1494 2540 scripsit
1510 2498 1685 2540 Afranius,

985 2555 1021 2582 et
1039 2555 1133 2582 tauta
1153 2550 1289 2592 quidem
1315 2558 1390 2582 cum
1416 2550 1529 2587 laude,
1550 2553 1590 2582 ut
1609 2550 1686 2582 Me-

985 2601 1150 2633 nandrum
1166 2600 1276 2642 ipsum
1292 2609 1429 2641 aequare
1444 2599 1636 2639 videretur3
1650 2599 1686 2631 lu

986 2654 1084 2683 tanta
1099 2651 1264 2692 paritate,
1274 2649 1455 2691 utriusque
1466 2649 1570 2681 vestis
1581 2649 1690 2681 etiam*

987 2700 1088 2732 alteri
1102 2699 1276 2732 convenit.
1297 2699 1440 2731 Torreat.
1480 2699 1566 2739 Toga
1578 2707 1684 2731 conve-

986 2749 1083 2791 nisse]
1111 2750 1243 2792 Togata
1266 2748 1440 2782 Comoedia
1467 2748 1585 2781 Ali-ani
1609 2747 1685 2780 Me-
