1858 3184
224 193 338 236 1904

224 297 349 339 Μηρώ
377 297 502 335 eicere,
522 298 654 330 interea
680 299 758 331 dum
782 298 928 340 ageban-

225 352 283 379 tur
307 346 446 387 fabulae,
469 353 505 380 et
531 350 653 391 quovis
673 350 739 381 alio
762 356 926 391 tempore,

225 397 351 430 famem
365 399 507 431 levaret.

267 453 332 481 250
348 450 462 490 AEquis
472 451 630 492 accipiunt
643 451 772 492 animis]
788 452 928 483 Patien-

225 503 280 531 ter
304 500 457 532 andiunt.
518 501 689 533 Dommtve
710 501 837 542 corona]
862 502 928 533 Re-

226 554 421 582 munerant.
467 550 557 582 Nam
573 551 678 583 bonos
690 551 817 585 Polites
825 552 929 584 hede-

228 611 268 633 ra
279 601 503 634 coronabant.

268 653 331 683 251
355 651 484 694 Syllaba
509 654 604 693 longa
628 654 729 695 brevi]
766 655 929 696 Praeeep·

228 706 300 734 tum
319 711 415 735 xxn.
445 703 487 736 de
516 705 674 736 Carmine
698 704 871 737 lambino:
895 706 930 736 in

228 763 297 795 qno
314 761 431 786 monet
447 755 650 792 cavendum,
673 765 715 788 ne
740 755 931 797 Spondaeus

230 804 428 845 regionibns
444 806 582 845 paribus
599 807 799 848 recipiatur.
843 806 930 837 Tum

227 855 352 896 pedem
369 855 525 888 Iambum
537 856 673 889 definit.
702 856 836 889 Deinde
853 866 930 888 cau-

227 913 297 936 sam
315 906 470 946 exponit,
487 916 549 938 eur
573 917 689 938 versus
710 906 852 938 Iambici
871 906 932 938 Se·

226 955 314 986 narii
329 956 546 989 nominentur
559 957 732 989 Trimetri.
765 958 854 989 Tum
865 956 933 988 dis-

227 1006 356 1046 tinguit
367 1007 514 1038 Carmen
531 1007 722 1040 Iambicum
744 1007 778 1038 in
793 1007 859 1038 dno
877 1017 934 1048 ge·

228 1064 329 1087 nera:
355 1065 458 1087 unum
472 1057 661 1099 antiquum,
672 1057 762 1099 quod
778 1067 822 1089 ex
840 1056 934 1098 puris

227 1107 358 1138 lambis
396 1113 532 1140 constat
554 1119 564 1141 z
613 1110 758 1140 alterum
795 1117 935 1146 novum,

228 1158 318 1199 qnod
337 1158 419 1190 locis
443 1158 628 1200 imparibus
651 1159 756 1191 etiam
780 1158 935 1190 admittit

231 1207 451 1248 Spondaeum.
496 1208 551 1239 Ad
575 1213 768 1241 extremum
793 1207 937 1249 apponit

233 1257 391 1296 exempla
406 1257 565 1297 duorum,
580 1258 639 1299 qui
663 1258 782 1290 lambo
808 1258 841 1289 in
867 1258 935 1289 suis

228 1304 411 1336 Trimetris
445 1307 549 1338 rarius
580 1308 631 1338 usi
668 1308 747 1339 sint.
776 1308 934 1339 Piscator.

229 1355 361 1397 Syllaba
386 1357 480 1396 longa
508 1357 608 1398 brevi]
632 1358 770 1390 Iambus
795 1367 838 1389 ex
854 1357 936 1389 dna-

229 1405 294 1438 bus
313 1406 453 1448 syllabis
477 1406 671 1450 conficitur,
687 1407 804 1449 priore
826 1407 935 1447 brevi,

234 1457 424 1497 posteriore
440 1457 552 1498 longa.

274 1509 339 1538 252
377 1507 442 1539 Pes
474 1508 572 1549 citus]
610 1507 739 1547 Virilis,
758 1516 871 1546 -acer,
901 1511 938 1538 et

234 1556 405 1596 concitus,
433 1561 473 1588 nt
500 1557 732 1588 Terentianus
761 1557 823 1589 ait.
846 1556 938 1588 Nan-

234 1606 316 1637 nius.
362 1606 429 1638 Pes
453 1606 550 1647 ellus]
585 1607 653 1637 Pes
674 1606 835 1638 celeriter
860 1615 939 1637 cnr-

234 1665 326 1695 rens,
356 1656 415 1698 qui
440 1657 510 1688 cito
537 1657 717 1697 promitur,
746 1655 939 1696 praesertim

237 1706 265 1736 si
295 1710 515 1746 comparetur
539 1715 616 1737 cum
641 1704 812 1746 spondaeo
832 1705 941 1737 tardo.

240 1758 330 1789 Unde
344 1758 439 1789 etiam
461 1757 644 1798 Trimetris]
669 1758 723 1789 Ex
746 1766 827 1799 qno,
850 1755 940 1798 qnod

235 1807 375 1839 Iambus
399 1808 444 1840 sit
468 1808 516 1839 ita
540 1808 642 1843 citus,
657 1807 763 1848 jussit
786 1806 941 1839 lambens

237 1866 355 1888 versus
391 1857 550 1888 Senarios
578 1858 770 1888 Trimetros
805 1866 941 1898 qnoque

237 1906 419 1937 nominari.
465 1906 652 1937 Acci-escere
670 1905 787 1946 jussit]
810 1906 941 1937 Trime-

238 1955 301 1986 tris
316 1954 408 1986 addi.

281 2008 345 2037 253
385 2005 490 2041 Quum
510 2006 614 2046 senos]
653 2005 766 2038 Quum
797 2003 943 2036 haberet

242 2065 303 2087 sex
318 2054 437 2096 pedes.

281 2108 345 2137 254
370 2104 497 2136 Primus
509 2105 550 2135 ad
563 2102 751 2143 extremum]
769 2102 799 2134 A
816 2102 942 2143 princi-

240 2155 298 2195 pio
314 2153 358 2185 ad
385 2153 501 2192 finem,
526 2153 606 2184 olim
635 2162 679 2184 ex
708 2152 834 2183 lambis
859 2152 943 2183 dein-

243 2208 340 2236 taxat
355 2208 525 2236 constans.
569 2203 645 2234 Non
654 2203 700 2234 ita
714 2202 851 2243 pridem]
865 2202 942 2234 Non

244 2254 304 2285 din
330 2257 398 2294 est,
425 2263 491 2295 quo
517 2253 620 2285 inseri
640 2256 821 2293 coeperunt
835 2252 943 2294 Spon-

245 2303 312 2335 doei
328 2308 366 2335 et
380 2303 439 2335 alii
455 2303 562 2344 pedes
583 2302 674 2334 inter
691 2302 840 2334 lambos.

288 2356 353 2385 255
378 2353 571 2394 Gravior-que
603 2353 725 2384 veniret
767 2353 808 2384 ad
842 2351 947 2392 aures]

246 2403 325 2434 Vox
356 2402 487 2434 tardior
520 2402 579 2433 ad·
603 2401 786 2434 movendos
819 2401 946 2432 animos

248 2452 364 2493 aptior
380 2461 442 2484 sua
460 2460 567 2488 mora,
583 2452 720 2483 tametsi
735 2451 946 2493 percipiatur

248 2503 399 2542 segnius.

290 2555 354 2583 256
377 2552 527 2594 Recepit]
548 2552 687 2585 Iambus
700 2551 833 2593 recepit
841 2552 944 2593 Spon-

248 2600 343 2632 daeos
367 2603 519 2642 stabiles,
534 2602 570 2641 id
593 2607 660 2643 est,
681 2612 802 2644 graves
825 2606 863 2634 et
879 2607 947 2634 tsr-

249 2650 325 2691 dos,
337 2652 372 2682 in
394 2662 453 2684 sua
474 2654 567 2694 jura,
582 2654 643 2686 sed
660 2655 723 2694 ila,
737 2657 778 2685 ut
791 2662 812 2685 e
828 2662 948 2685 secun-

246 2701 293 2733 da
319 2706 379 2735 aut
405 2708 529 2744 quarta
555 2704 638 2736 sede
663 2710 731 2736 non
758 2703 948 2746 depellere-

250 2756 319 2785 tur.

684 205 825 236 NO'rAE
861 203 1124 236 vAmoRUM
1159 203 1208 235 IN

1020 303 1083 333 257
1102 300 1291 332 Commodus
1310 301 1341 330 el
1361 298 1501 341 patiens]
1511 299 1673 335 Maca

978 351 1194 383 commodans
1223 354 1259 382 et
1280 349 1429 382 libenter
1453 347 1580 383 loe-n
1588 352 1674 386 dens

978 401 1168 442 Spondaeis.
1479 416 1490 424 =

1028 455 1092 483 258
1135 451 1319 491 Socialiter]
1362 451 1500 492 Mutuo,
1536 451 1679 493 puriter.

982 503 1047 534 Hic
1059 506 1090 534 et
1101 503 1152 544 in]
1176 502 1245 534 Hic
1260 502 1410 535 Iambus.
1452 502 1543 543 Am']
1563 502 1680 535 Auiu-

981 559 1015 584 et
1036 553 1188 584 Ennius
1180 563 1212 584 in
1228 552 1420 594 Tragoediis
1435 562 1521 595 quas
1532 553 1679 595 seripse-
1708 559 1714 565 ⁴

980 607 1062 634 runt
1072 612 1166 634 raros
1182 602 1319 634 lambos
1337 602 1576 635 adhibuerunt.
1613 602 1680 635 mc

981 658 1012 686 et
1025 654 1060 685 in
1079 654 1172 696 Acci]
1197 654 1277 694 Hic,
1299 659 1351 685 est
1374 655 1450 695 ἐκεῖ,
1471 663 1539 686 non
1563 652 1682 686 ἐικῢοὲ

982 711 1042 737 aut
1058 704 1159 745 οὗτος,
1179 705 1271 748 quod
1286 705 1411 737 multos
1436 705 1589 747 decepit.
1633 705 1683 738 U—

981 756 1043 788 bi?
1079 756 1113 787 in
1141 755 1291 787 secunda
1326 755 1410 787 sede
1446 761 1507 787 aut
1545 759 1681 797 quartu.

983 805 1135 846 Iambus,
1167 806 1291 848 inquit,
1326 805 1360 837 in
1390 805 1620 845 nobilissimis,
1643 811 1683 838 ut

983 857 1085 897 vulgo
1106 857 1235 896 volunt,
1260 855 1358 888 Accii
1382 855 1550 892 versibus,
1576 856 1681 887 etiam

983 906 1047 945 laic,
1073 906 1137 939 boe
1167 911 1234 946 est,
1264 906 1299 937 in
1328 905 1481 938 secunda
1513 906 1595 938 sede
1622 910 1683 938 aut

985 960 1121 997 quarta,
1150 955 1324 987 rarissime
1345 960 1503 997 apparet.
1547 955 1596 988 Et
1619 955 1684 987 boe

986 1016 1102 1038 verum
1118 1015 1193 1037 esse
1213 1006 1323 1046 novit,
1333 1006 1391 1047 qui
1409 1004 1605 1046 fragmenta
1617 1004 1686 1037 Ae·

986 1056 1029 1087 cli
1046 1056 1100 1087 vel
1112 1056 1218 1088 semel
1230 1055 1404 1087 salutavit.
1432 1056 1547 1087 Etiam
1563 1064 1685 1096 graves

986 1105 1063 1137 illos
1088 1105 1206 1145 Ennii,
1230 1109 1269 1136 ut
1290 1104 1381 1136 idem
1401 1104 1451 1136 illi
1467 1105 1598 1144 volunt,
1610 1113 1686 1136 ver-

988 1164 1059 1194 sus,
1074 1164 1160 1197 quos
1176 1149 1254 1187 cu'm
1278 1158 1375 1187 tanto
1398 1154 1551 1196 pondere
1563 1154 1600 1186 in
1613 1162 1688 1186 see·

989 1215 1066 1237 nam
1097 1204 1285 1245 adferunt3
1317 1204 1408 1236 idem
1433 1203 1583 1241 Iambus,
1608 1213 1687 1236 cnm

988 1265 1052 1288 nec
1082 1260 1240 1297 quartum
1265 1256 1377 1287 locum
1406 1263 1471 1286 nee
1500 1253 1690 1286 seeundum

988 1306 1158 1346 obtineat,
1181 1305 1296 1346 arguit
1317 1309 1376 1336 aut
1392 1302 1616 1345 αὐτοσχεδίους
1628 1309 1689 1336 ant

986 1354 1138 1396 ἀτέχνους
1160 1364 1244 1391 esse,
1271 1354 1307 1385 id
1330 1358 1394 1393 est,
1422 1359 1482 1386 aut
1511 1352 1690 1386 festinanti

989 1411 1047 1438 aut
1063 1407 1180 1447 ignaro
1197 1405 1278 1436 artis
1298 1403 1477 1436 excidisse.
1502 1404 1666 1437 Heinsius.

1030 1458 1095 1488 259
1133 1455 1298 1487 Nobilibus
1325 1454 1510 1495 Trinacris]
1546 1454 1588 1486 Id
1623 1458 1688 1491 est,

988 1507 1148 1539 laudatis.
1192 1506 1306 1538 Ironis
1331 1510 1398 1546 est,
1422 1506 1475 1537 vel
1498 1505 1558 1548 qni
1578 1503 1688 1537 extol-

988 1556 1063 1587 lunt
1086 1556 1270 1597 ignobiles,
1281 1556 1335 1587 vel
1360 1555 1420 1597 qui
1445 1556 1594 1587 omnium
1618 1564 1690 1587 ser-

989 1615 1090 1638 mone
1106 1606 1289 1638 nobilitati.
1333 1605 1389 1637 Ita
1413 1606 1504 1638 enim
1531 1604 1689 1637 ‘nobile’

990 1655 1173 1697 aliqnando
1188 1655 1344 1695 dicimus,
1359 1665 1426 1688 nou
1441 1654 1532 1697 qnod
1547 1664 1689 1696 genero·

991 1715 1065 1737 sum
1092 1710 1158 1746 est,
1184 1705 1245 1738 sed
1274 1706 1366 1747 qnod
1387 1706 1571 1738 multorum
1596 1705 1690 1738 fama

991 1755 1215 1788 celebratum.
1256 1756 1337 1788 Sie‘
1346 1755 1470 1788 nobilis
1485 1754 1598 1796 latro‚’
1611 1756 1692 1787 ‘no-

991 1805 1061 1837 bile
1072 1805 1243 1838 scortum'
1258 1805 1398 1838 dicitnr.
1409 1805 1567 1837 Nauia.
1607 1805 1693 1837 Τιτ-

992 1855 1071 1886 neb.
1088 1864 1170 1887 xix.
1181 1858 1214 1887 9.

1033 1907 1098 1935 260
1130 1905 1172 1935 In
1199 1914 1322 1936 scenam
1355 1904 1482 1944 missos]
1517 1903 1694 1945 Expulitio

993 1963 1106 1986 xxm.
1124 1954 1304 1994 praeeepti,
1322 1953 1379 1984 nbi
1396 1954 1540 1994 primum
1556 1962 1694 1986 eanssss

992 2003 1182 2036 efficientes
1205 2003 1347 2044 exponit
1369 2002 1524 2044 spondaei
1546 2003 1581 2034 in
1607 2003 1691 2037 Car-

992 2053 1082 2085 mine
1098 2052 1249 2084 Iambieo
1265 2051 1509 2093 intempestive
1521 2055 1558 2083 et
1572 2052 1692 2085 odiose

994 2103 1163 2144 usurpati,
1176 2102 1420 2143 negligentiam
1436 2102 1570 2134 seilicet
1584 2105 1622 2134 et
1641 2103 1694 2144 ig-

993 2154 1205 2186 norationem
1227 2154 1319 2186 artis.
1362 2153 1456 2185 Dein
1477 2153 1560 2185 duas
1579 2153 1693 2186 denuo

994 2213 1130 2235 caussas
1154 2202 1255 2235 affert
1283 2202 1381 2235 istius
1409 2203 1627 2244 negligentia!
1655 2209 1694 2236 et

994 2253 1147 2285 licentiae
1164 2263 1173 2284 ς
1198 2253 1355 2294 primam,
1376 2252 1472 2295 quod
1490 2261 1559 2284 non
1580 2253 1693 2295 quivis

994 2302 1088 2334 istud
1104 2302 1223 2334 vitium
1237 2300 1511 2335 animadvertat:
1535 2302 1693 2343 alteram,

995 2352 1085 2394 quod
1112 2352 1272 2383 Romanis
1301 2350 1419 2384 Poetis
1443 2352 1544 2384 venia
1566 2352 1600 2384 in
1627 2352 1695 2384 isto

996 2403 1078 2435 vitio
1093 2402 1169 2434 dari
1183 2401 1304 2434 soleat.
1349 2401 1438 2433 Post
1461 2406 1578 2434 monet
1591 2401 1696 2434 lieen-

996 2453 1077 2484 tiam
1106 2452 1199 2484 illam
1235 2451 1270 2482 in
1295 2450 1478 2483 scribendo
1507 2450 1694 2484 cavendam

995 2511 1090 2541 esse;
1114 2503 1193 2544 quia
1217 2509 1284 2532 nou
1310 2500 1394 2532 satis
1417 2505 1472 2532 est
1492 2501 1630 2543 culpem
1647 2500 1694 2534 vi—

997 2556 1093 2591 tare;
1114 2551 1200 2583 sed'
1193 2560 1333 2592 insuper
1358 2559 1466 2592 opera
1486 2555 1542 2582 est
1566 2549 1697 2591 danda,-

997 2606 1035 2633 ut
1057 2601 1191 2633 landem
1201 2609 1414 2640 mereamur,
1435 2600 1598 2633 imitanda
1611 2603 1694 2643 ergo

996 2656 1048 2684 est
1063 2651 1246 2692 diligentia
1258 2650 1556 2683 Groeeornrn.1n
1573 2653 1696 2684 m

997 2702 1125 2743 missus]
1150 2702 1229 2734 Non
1243 2701 1364 2743 missos,
1378 2702 1444 2734 bo‘c
1465 2711 1590 2734 sensu.
1608 2701 1692 2734 ver-

997 2762 1054 2784 sus
1074 2752 1243 2785 Iambicus
1263 2752 1296 2783 in
1313 2761 1450 2784 scenam
1474 2752 1592 2784 ruissus
1614 2759 1690 2782 eum
