1858 3184
206 201 318 244 1916

207 306 325 340 Poetae
356 306 505 340 indocti:
530 308 610 348 Cur,
632 308 755 350 inquit,
785 319 900 341 versus

205 366 271 390 non
286 357 422 395 faciam,
438 368 539 401 quum
563 359 625 390 sim
649 359 736 390 liber
757 365 792 391 et
806 359 900 401 inge-

205 416 305 446 nnus,
317 411 384 441 &c.

245 461 308 491 383
333 459 430 490 Liber
456 462 487 491 et
515 459 683 500 ingenuus]
712 460 807 492 Liber
834 465 899 500 est,

205 509 314 551 quiin
332 518 481 550 praesens
501 518 568 540 non
589 511 717 542 servit:
742 511 901 551 Ingenuus

205 559 263 600 qui
299 568 480 599 numquam
524 559 662 591 serviit:
700 560 711 578 ‘
737 560 901 593 libertus’

203 609 308 648 idem,
333 610 389 650 qui
411 610 653 642 manumissus:
674 610 684 628 ‘
702 611 899 643 libertinus'

203 668 298 700 vero,
323 660 381 700 qui
407 660 487 691 inde
512 666 623 692 natus.
668 660 762 692 Liber
784 662 898 702 itaque

203 708 290 742 facit
304 710 428 749 omnia,
444 710 506 740 nisi
527 710 732 751 impediatur
747 711 897 752 legibus:

205 765 308 802 atque
332 761 397 793 hue
421 761 574 793 allusisse
602 768 683 802 puto
708 762 899 794 Horatium.

205 810 361 844 Nunnius.
400 812 516 843 Census
529 811 713 852 equestrem]
730 813 898 853 Repertus

202 859 330 893 habere
345 861 378 892 in
401 861 497 893 bonis
519 861 768 903 quadringenta
792 863 899 894 millia

204 910 293 942 aeris.
337 912 523 952 Equestrem
550 911 723 953 Summam]
746 913 788 944 In
818 923 897 945 cen·

203 961 308 992 sendo
335 961 562 1001 deprehensus
587 962 713 993 habere
737 964 898 995 summam

203 1015 416 1052 equestrem:
461 1011 646 1043 secundum
689 1013 898 1044 Budaeanam

203 1061 496 1101 supputationem,
516 1065 552 1092 et
567 1065 606 1092 ut
627 1062 758 1101 colligit
774 1062 899 1093 doctis-

204 1110 306 1142 simus
337 1110 523 1151 Anglorum
550 1111 754 1151 Tonstallus,
784 1111 899 1142 decies

202 1161 295 1193 mille
309 1166 549 1193 coronatorum
562 1160 785 1193 Gallicorum.
810 1163 900 1193 Nan-

203 1211 287 1244 nius.

245 1264 309 1293 384
327 1262 471 1302 Vitioque
484 1265 619 1293 remotus
631 1262 669 1292 ab
683 1261 780 1302 omni]
798 1261 900 1294 Liber

203 1310 246 1341 ab
269 1311 359 1341 omni
382 1310 537 1341 infamia:
562 1311 697 1351 quando
719 1320 785 1341 non
803 1315 898 1342 nota-

203 1367 257 1393 tus
274 1362 429 1394 censoria
447 1362 555 1402 virga,
571 1372 647 1393 cum
663 1368 763 1403 pater
779 1372 898 1404 eques-

202 1412 246 1443 tri
263 1412 381 1443 ordine
397 1411 530 1452 dignus,
555 1421 630 1443 cum
657 1412 746 1443 liber
774 1412 849 1453 ipse
865 1416 900 1444 et

202 1462 381 1502 ingenuus,
409 1461 526 1503 quidni
555 1467 672 1493 utatur
703 1462 765 1493 liae
797 1462 899 1493 liber-

201 1516 276 1543 tate
318 1511 475 1543 carminis
519 1511 695 1552 fingendi?
739 1512 898 1543 Nunnius.

208 1561 351 1602 Vitioque
371 1561 522 1603 remotus]
558 1561 671 1593 Nullis
699 1562 790 1593 vitiis
820 1571 898 1594 coo-

203 1617 334 1652 pertus.
803 1649 810 1655 .

246 1664 309 1693 385
335 1662 382 1693 Tu
395 1662 477 1694 nihil
489 1662 593 1693 invita
611 1662 706 1702 dices,
725 1663 799 1704 Sym]
823 1663 899 1694 Mo-

202 1716 263 1742 net
285 1711 340 1743 hic
366 1711 530 1752 majorem
554 1715 637 1742 natu
660 1712 834 1748 Pisonum,
857 1721 900 1743 ne

203 1761 341 1792 nimium
367 1761 522 1793 bonitate
545 1766 679 1792 naturae
705 1771 775 1793 suae
797 1760 901 1793 confi-

204 1821 272 1851 sus,
287 1821 506 1852 praepropere
519 1821 577 1842 sua
591 1811 770 1851 Poemata,
783 1812 809 1843 si
824 1821 900 1853 quae

203 1862 454 1903 compositurus
470 1863 526 1901 sit,
542 1862 575 1892 in
593 1863 700 1893 lucem
717 1862 815 1893 edat:
840 1861 899 1893 sed

202 1913 298 1952 prius
329 1911 458 1942 acrium
485 1916 522 1942 et
549 1910 691 1941 fidorum
722 1919 899 1941 censorum

197 1960 334 2001 judicio
351 1960 540 2000 permittat,
554 1961 669 2001 quales
685 1963 754 1990 tres
767 1968 899 1990 enume-

203 2014 269 2042 rat.
311 2010 396 2040 Tum
412 2010 512 2040 etiam
535 2018 577 2040 ne
601 2009 784 2039 editionem
800 2008 900 2039 nimis

202 2059 357 2095 festinet,
386 2059 445 2090 sed
475 2059 533 2089 diu
571 2058 775 2098 supprimat,
810 2058 898 2099 quod

197 2110 271 2151 jam
287 2114 494 2151 praeceptum
512 2117 650 2140 xxvnr.
670 2113 737 2147 est,
760 2108 815 2139 cui
840 2108 900 2139 du-

202 2160 284 2200 plex
300 2160 388 2191 ratio
404 2168 535 2190 annexa
549 2163 623 2190 est:
647 2158 742 2199 prior
758 2169 777 2189 a
793 2158 900 2190 facul-

204 2214 278 2242 tate
303 2209 517 2245 emendandi,
548 2209 718 2250 posterior
749 2208 791 2240 ab
816 2209 899 2240 irre-

204 2259 469 2300 cuperabilitate
491 2257 591 2289 famae
621 2258 726 2289 semel
758 2258 899 2289 amissae.

203 2309 327 2340 Piscat.
382 2308 429 2340 Tu
456 2307 536 2339 nihil
562 2307 678 2349 invita]
711 2309 900 2341 Quantum-

205 2368 349 2400 cumque
365 2359 409 2390 sis
423 2359 561 2398 nobilis,
577 2359 604 2390 si
622 2368 688 2390 non
704 2357 816 2390 faveat
831 2358 899 2390 Ge-

204 2409 291 2447 nius,
307 2410 335 2441 si
353 2409 508 2440 Minerva
534 2409 659 2440 artium
686 2417 813 2449 praeses
839 2418 898 2448 pa·

204 2467 277 2490 rum
309 2459 373 2490 tibi
398 2458 585 2499 indulgeat,
609 2458 637 2489 si
662 2458 808 2499 denique
830 2467 899 2489 non

204 2509 367 2548 optimum
384 2509 473 2540 adsit
489 2509 675 2549 ingenium,
687 2518 708 2539 a
720 2507 899 2540 scribendo

205 2558 454 2590 abstinendum.
492 2559 563 2590 Per
575 2558 821 2599 Metonymiam
833 2558 900 2589 Mi-

204 2617 301 2639 nerva
315 2618 376 2648 pro
393 2618 428 2639 re
442 2608 484 2639 ab
499 2609 557 2640 illa
570 2608 719 2640 inventa.
749 2606 898 2639 Turneb.

205 2665 298 2688 xvn.
322 2660 373 2688 17.
397 2659 553 2690 Nanm'us.
600 2659 647 2690 Tu
669 2658 764 2699 nihil]
785 2658 853 2697 Tu,
879 2666 899 2689 o

205 2706 301 2738 Piso.
344 2707 452 2737 Invita
470 2709 567 2748 dices]
590 2708 817 2749 Repug'nante
840 2717 898 2739 na-

206 2760 296 2799 tura,
311 2756 347 2789 id
361 2761 428 2798 est,
451 2761 509 2788 tuo
529 2757 664 2799 ingenio
681 2759 734 2790 vel
749 2757 898 2790 naturali

665 216 802 247 NOTAE
836 216 1096 249 VARIORUM
1132 219 1183 249 IN

951 313 1177 352 propensione
1193 312 1395 345 reluctante.

993 363 1056 392 386
1082 362 1131 392 Ea
1145 361 1245 401 mens]
1268 361 1318 392 Ea
1337 365 1389 392 est
1409 360 1471 393 tibi
1497 361 1641 402 pruden-

950 411 1011 442 tia.
1056 411 1155 451 Olim]
1177 411 1217 442 In
1236 415 1418 452 posterum.

992 463 1054 492 387
1071 462 1111 492 In
1121 461 1219 492 Metii
1231 462 1411 503 descendat]
1428 462 1555 494 Metius
1569 463 1646 505 iste,

950 514 1040 542 teste
1081 511 1330 552 Porpliyrione,
1356 512 1397 543 iis
1436 512 1645 553 temporibus
1700 550 1706 555 ,

950 570 1096 592 summus
1117 562 1253 592 criticus
1279 561 1356 602 suit,
1378 566 1416 594 et
1439 561 1644 604 perdiligens

950 611 1136 642 carminum
1151 612 1345 645 aestimator.
1369 612 1528 644 Nunnius.
1573 612 1644 644 Me-

949 662 989 693 tiz·
1002 662 1179 703 descendat]
1202 663 1261 703 Sp.
1276 663 1525 704 MetiiTarpae,
1549 662 1645 695 criti·

950 711 994 752 ci,
1010 711 1053 743 de
1069 722 1135 753 quo
1151 721 1176 743 1.
1192 713 1264 744 Sat.
1280 715 1332 744 10.

993 764 1056 792 388
1079 762 1125 792 Et
1135 762 1254 803 patris]
1271 762 1384 793 Patris
1400 761 1461 793 tui.
1501 762 1643 794 Nonum-

949 821 1007 851 que
1025 815 1186 852 prematur
1204 812 1238 843 in
1257 811 1387 852 annum]
1409 811 1419 829 ‘
1435 811 1643 843 Premimus'

950 872 1001 898 ea,
1030 872 1106 903 quae
1133 862 1168 893 in
1194 863 1304 894 lucem
1330 862 1445 894 venire
1468 863 1643 902 nolumus;

951 917 961 931 ¹
977 912 1125 944 edimus’
1156 922 1248 952 vero,
1278 922 1355 954 quae
1384 912 1451 944 luci
1475 916 1511 943 et
1537 911 1644 944 oeulis

949 962 1118 994 hominum
1149 963 1378 1003 permittimus
1402 966 1438 994 et
1465 970 1643 1003 emergere

950 1012 1098 1044 sinimus.
1134 1012 1359 1044 Proverbium
1373 1012 1546 1052 vulgatum
1563 1020 1643 1052 qua-

951 1062 1029 1093 drat
1045 1062 1078 1092 in
1094 1062 1181 1093 hanc
1199 1071 1281 1098 rem,
1300 1061 1338 1092 Ἢ
1365 1060 1445 1092 κύων
1468 1060 1644 1093 σπεύδουσα

949 1111 1056 1151 τυφλὰ
1081 1110 1190 1143 τίκτει.
1247 1111 1344 1142 Canis
1362 1110 1523 1149 festinans
1547 1121 1646 1143 eoecos

946 1162 1032 1202 parit
1047 1163 1175 1193 catulos.
1198 1161 1454 1201 Extemporalia
1465 1161 1647 1193 immatura

952 1216 1042 1248 sunt,
1055 1211 1316 1253 adhibendaque
1332 1210 1527 1251 maturitas,
1537 1215 1576 1243 ut
1590 1219 1645 1243 res

951 1263 1047 1303 quasi
1073 1262 1173 1302 longa
1198 1271 1291 1292 mora
1316 1266 1560 1302 concoquetur,
1579 1271 1644 1293 nee

950 1312 1073 1343 edatur
1100 1312 1215 1343 cruda.
1247 1311 1405 1342 Nunnius.
1462 1311 1644 1351 Nouiumque

948 1364 1108 1402 prematur
1129 1361 1162 1392 in
1181 1360 1311 1401 annum]
1333 1360 1374 1391 In
1391 1360 1513 1391 multos
1536 1369 1642 1391 annos

949 1411 1191 1451 supprimatur,
1207 1415 1244 1441 ut
1260 1410 1390 1442 acriore
1405 1409 1485 1441 linia
1496 1411 1642 1451 corriga-

950 1464 1017 1492 tur.

992 1515 1055 1545 389
1078 1513 1271 1544 Membranis
1288 1512 1390 1553 intus]
1410 1511 1447 1543 Si
1463 1511 1567 1543 libros
1583 1511 1641 1543 do-

950 1563 994 1594 mi
1010 1563 1197 1603 contineas,
1211 1573 1254 1594 ne
1272 1562 1364 1594 foras
1379 1567 1516 1594 exeant.

992 1616 1055 1645 390
1079 1613 1203 1654 Nescit]
1224 1613 1407 1653 Virgilius:
1438 1612 1450 1629 ‘
1471 1611 1574 1643 Volat
1598 1611 1644 1642 ir-

951 1662 1143 1694 revocabile
1160 1662 1321 1694 verbum!
1365 1661 1534 1693 Homerus
1547 1660 1642 1702 ῥήμα·

949 1724 991 1744 τοι
1012 1712 1183 1753 πτερόεντα
1207 1712 1304 1744 dixit.
1329 1712 1487 1744 Nunnius.
1539 1712 1643 1743 Mis-sa

949 1763 1081 1803 reverti]
1103 1763 1179 1794 Vox
1194 1771 1254 1794 ore
1269 1761 1402 1794 emissa.

994 1815 1055 1844 391
1090 1812 1264 1853 Sylveaetres
1295 1810 1444 1852 kenuines]
1481 1809 1646 1842 Annectit

950 1862 1179 1894 narrationem
1209 1862 1252 1893 de
1278 1861 1371 1893 vario
1392 1869 1455 1892 usu
1480 1858 1645 1896 Poeseos,

950 1912 992 1942 ad
1009 1912 1075 1942 vim
1091 1912 1165 1951 ejus
1181 1921 1221 1942 ac
1233 1911 1465 1951 praestantiam
1478 1919 1646 1941 commen-

950 1961 1108 1992 dandam.
1155 1961 1307 1991 Primum
1327 1961 1414 1989 enim
1431 1962 1547 1989 narrat
1561 1967 1643 1998 quo-

949 2010 1050 2041 modo
1071 2008 1174 2041 Poesi
1189 2009 1241 2039 usi
1258 2011 1337 2039 sunt
1352 2006 1578 2048 antiquissimi
1593 2006 1644 2036 illi

951 2060 1110 2100 Orpheus
1133 2063 1170 2090 et
1193 2059 1382 2099 Amphion;
1405 2057 1462 2098 qui
1487 2056 1643 2087 carmini—

950 2109 1011 2140 bus
1026 2109 1095 2140 suis
1111 2108 1283 2149 complexi
1297 2111 1374 2138 sunt
1388 2110 1563 2147 praecepta
1575 2115 1645 2139 mo-

949 2158 1044 2190 ralia.
1087 2158 1175 2189 Dein
1199 2158 1284 2188 hanc
1305 2157 1537 2188 narrationem
1565 2164 1641 2196 spe-

949 2209 1068 2240 cialem
1089 2212 1192 2248 auget
1214 2207 1406 2238 narratione
1432 2205 1583 2247 generali
1599 2205 1642 2236 de

949 2258 1118 2299 sapientia
1127 2262 1300 2290 veterum:
1317 2266 1391 2298 quae
1403 2255 1552 2288 narratio
1563 2264 1643 2287 con·

950 2312 1018 2340 stat
1033 2308 1128 2340 brevi
1145 2317 1184 2339 ac
1200 2308 1374 2339 succincta
1398 2306 1546 2348 partium
1556 2308 1644 2336 'enu-

949 2358 1147 2389 metatione.
1200 2357 1352 2389 Tandem
1389 2356 1542 2388 annectit
1570 2355 1643 2396 epi·

950 2409 1117 2448 phonema
1132 2407 1175 2439 de
1190 2407 1363 2449 sapientiae
1386 2406 1483 2438 istius
1502 2403 1643 2443 effectu,

949 2458 1040 2489 fama
1059 2467 1106 2489 sc.
1127 2462 1164 2489 et
1189 2457 1306 2498 gloria.
1327 2456 1482 2488 Piscator.
1527 2453 1645 2486 Silves-

949 2507 1025 2539 treis
1038 2507 1188 2547 homines]
1204 2507 1455 2538 Commemorat
1467 2503 1549 2546 quid
1560 2503 1644 2535 olim

949 2562 1134 2591 tractatum
1159 2567 1180 2588 a
1200 2556 1337 2588 summis
1353 2555 1484 2596 Poetis,
1499 2554 1556 2596 qui
1571 2563 1639 2586 om·

949 2608 1006 2639 nia
1034 2617 1132 2639 sacra
1166 2606 1280 2638 civilia
1318 2605 1464 2646 primum
1492 2603 1642 2635 carmine

949 2657 1116 2697 complexi
1141 2659 1231 2687 sunt.
1257 2653 1412 2686 Nunnius.
1465 2652 1642 2693 Sylvestres

947 2707 1099 2747 homines]
1120 2707 1285 2738 Homines
1309 2704 1401 2736 feros
1420 2709 1457 2735 et
1470 2703 1642 2734 immanes.

949 2757 1047 2790 Sacer
1060 2757 1271 2799 interpresque
1282 2753 1437 2795 Deorum]
1459 2754 1469 2774 ⁶
1479 2753 1619 2786 Sacrum
1627 2748 1637 2763 '
