1858 3184
231 206 347 250 1896

231 320 304 343 sum
319 310 368 342 ire
386 314 529 352 propter
549 310 635 343 vitia
650 311 684 342 iu
701 310 938 342 adolescentia

231 365 418 395 eontracta.
464 362 555 395 Hinc
578 362 757 404 paedagogi
781 361 936 402 adhibiti,

231 412 288 455 qui
305 412 449 445 effrenes
474 413 576 444 animi
595 418 709 444 motus
724 421 855 444 morum
871 412 939 444 dis-

231 463 361 504 ciplina
372 463 596 504 castigarent.
620 463 778 494 Nunnius.
823 464 941 494 Cereus

231 512 267 545 in
282 512 410 553 vitium]
434 512 574 543 Flexilis
596 511 640 543 ad
658 512 788 544 vitium.
833 511 940 543 Moni-

234 563 358 595 toribus
383 562 487 603 usper]
509 561 743 594 Adhortantes
759 563 802 595 ud
819 563 939 595 bonam

233 612 368 654 frugem
394 612 473 644 odio
499 611 686 644 Vatiniauo
711 614 940 655 prosequitur.

238 662 399 694 Nunnius.
442 662 655 694 Munitorum
681 663 788 704 usper]
821 663 940 695 Inimi-

235 722 296 744 cus
321 712 376 752 iis,
390 712 449 754 qni
464 722 541 744 eum
558 717 777 754 peramanter
791 718 943 746 monent.

279 765 344 796 164
370 763 508 795 Utilium
531 762 658 804 turdus]
679 764 767 797 Quae
782 763 847 795 sibi
864 772 941 805 pro·

235 814 315 846 sint.
359 814 468 855 AEris]
491 814 667 847 Pecuniae.

279 868 342 897 165
381 865 547 906 Sublimis]
591 864 781 906 Superbus,
819 865 940 897 elutus.

239 914 455 957 Cupidusque]
476 915 709 946 Vehementer
732 914 844 947 omnia
862 924 942 947 con·

237 964 431 1006 cupiscens.
488 966 608 997 Amata
633 965 823 1006 relinquere]
854 964 944 996 Sunt

241 1015 330 1047 enim
363 1015 600 1047 adolescentes
639 1015 860 1056 εὐμετάβολοι,
891 1014 944 1047 καὶ

238 1064 378 1107 ἁψίκοροι
392 1065 468 1107 πρὸς
482 1065 541 1097 τὰς
555 1066 725 1107 ἐπιθυμίας,
735 1072 773 1098 ut
788 1066 836 1097 ait
849 1065 946 1097 Aris-

240 1117 380 1148 toteles.
404 1116 565 1147 Nunnius.
608 1115 750 1156 Pernix]
773 1116 885 1147 Velox
901 1115 946 1147 ad

240 1166 504 1208 relinquendum
519 1165 610 1206 quod
625 1166 883 1206 concupiverat.

286 1220 350 1249 166
374 1217 540 1249 Conversis
562 1216 694 1257 studiis]
727 1217 815 1249 Cum
840 1219 948 1248 aetate

243 1272 494 1301 convertuntur
516 1267 642 1299 studia.
683 1268 877 1308 Asinaia-sque
898 1267 947 1298 vi-

242 1318 330 1359 rilis]
347 1319 450 1351 Nunc
467 1317 598 1349 virilem
613 1321 753 1349 aetatem
768 1317 838 1348 suis
853 1316 950 1358 quasi

244 1368 416 1400 coloribus
437 1368 614 1408 depingit3
637 1377 714 1409 quae
741 1367 874 1399 omissis
898 1367 948 1398 lu-

244 1417 348 1450 dicris
364 1418 488 1460 qnaerit
502 1418 660 1458 honores,
676 1417 797 1458 opibus
812 1426 949 1450 coacer-

244 1467 366 1500 vandis
387 1467 567 1508 incumbit,
589 1468 807 1509 magistratus
830 1471 868 1499 et
890 1467 950 1498 im·

245 1519 345 1562 peria
366 1519 487 1559 ambit,
508 1524 545 1551 et
566 1520 656 1551 omni
682 1520 817 1552 ratione
837 1524 949 1561 cavet,

246 1570 282 1602 id
298 1579 342 1602 ue
356 1570 563 1610 committat,
578 1569 670 1602 unde
687 1574 806 1611 postea
820 1569 947 1601 doleat.

251 1620 412 1652 Nunnius.

292 1673 354 1702 167
386 1670 527 1701 Inseruit
552 1670 679 1711 honori]
714 1669 757 1701 In
787 1669 952 1701 honorum

249 1719 365 1751 studio
380 1723 572 1760 occupatus
588 1723 653 1751 est.
686 1724 693 1730 '

296 1773 358 1802 168
380 1771 533 1812 Laboret]
557 1771 721 1803 Conetur.

296 1826 310 1854 1
317 1824 360 1853 69
372 1822 414 1853 M
414 1822 479 1853 ullu
489 1831 590 1853 senem
599 1822 860 1864 circumveniunt]
866 1822 957 1854 Mni-

254 1877 291 1903 ta
306 1871 391 1902 vitia
406 1872 577 1903 senectuti
596 1872 782 1910 adscribit;
803 1872 864 1903 sed
880 1882 955 1903 eam

253 1921 430 1962 iutelligit,
445 1931 523 1962 quae
543 1931 701 1962 praeeeps
716 1927 753 1954 et
768 1923 955 1963 decrepita,

255 1982 331 2013 quoe
349 1977 384 2003 et
398 1971 409 1988 ‘
422 1972 509 2002 mala
522 1977 605 2004 aetas
616 1972 625 1986 ’
639 1972 781 2012 dicitur,
794 1978 831 2004 ut
845 1974 856 1990 ⁴
869 1973 964 2005 bonu—

257 2021 357 2054 aetas’
388 2021 633 2053 adolescentia.
668 2023 826 2054 Nunnius.
884 2023 956 2055 Cir-

255 2071 467 2111 cumveniunt]
490 2071 671 2112 Premunt,
686 2076 842 2112 gravant.

302 2126 367 2155 170
390 2122 520 2165 (ὶιιιενὶίΔ
537 2125 568 2153 et
590 2121 726 2153 inventis
745 2122 842 2154 miser
861 2122 959 2154 absti-

257 2172 326 2214 net]
341 2172 439 2204 Idem
457 2172 505 2204 ait
517 2172 745 2203 Terentianus
761 2172 818 2203 ille
833 2181 958 2205 senex:

259 2225 270 2242 ‘
287 2223 341 2255 Ad
366 2223 478 2255 omnia
501 2222 566 2254 alia
588 2227 694 2254 aetste
714 2222 864 2264 sapimus
885 2233 959 2256 rec·

261 2275 350 2306 tius:
373 2274 491 2306 Solum
512 2283 614 2305 unum
631 2273 694 2305 hoc
709 2274 828 2305 vitium
846 2273 961 2306 adfert

261 2330 420 2357 senectus
443 2324 650 2364 hominibus,
666 2324 881 2357 Attentiores
904 2335 960 2357 su-

263 2385 338 2407 mus
365 2375 408 2407 ad
434 2385 506 2407 rem
530 2383 658 2416 omues,
681 2372 783 2417 <inam
807 2380 862 2407 sat
883 2376 962 2408 est.'

265 2427 310 2457 Et
337 2435 404 2468 quo
428 2426 537 2457 miuus
562 2419 644 2457 vitoe
669 2429 793 2465 restat,
817 2434 860 2457 eo
885 2426 962 2467 plus

266 2477 357 2508 anxii
374 2476 417 2508 de
433 2476 558 2508 viatico
569 2484 688 2515 senex,
700 2475 810 2517 inquit
825 2476 962 2508 Cicero.

268 2528 426 2559 Nunnius.
474 2526 598 2563 Quoerie
611 2529 643 2558 et
656 2526 791 2557 inventis
803 2526 898 2559 miser
910 2527 966 2558 ul>-

265 2576 375 2617 stinet]
397 2578 510 2609 Senex
531 2576 668 2608 divitias
685 2576 823 2618 quierit,
844 2577 966 2620 quiesi-

269 2626 314 2657 tis
330 2636 411 2658 vero
435 2627 608 2659 abstinet:
633 2634 714 2658 vere
736 2626 840 2668 igitur
865 2627 968 2659 miser

269 2683 322 2709 est
339 2683 374 2709 et
389 2678 520 2710 infelix.
705 2713 709 2716 ,

314 2730 374 2759 171
404 2728 461 2759 Vel
485 2729 579 2770 quod]
602 2729 729 2760 Senum
756 2729 970 2762 incommoda

271 2778 305 2810 in
334 2782 452 2819 partes
479 2777 611 2809 dividit.
636 2778 792 2812 Nunnius.
851 2779 971 2813 Timide

696 210 842 246 ΝΟΤΕΚ
871 214 1136 247 VARmRtJM
1169 215 1220 246 m

983 312 1161 353 gelideque]
1186 310 1333 343 Nimium
1354 313 1466 345 caute.
1480 312 1680 350 etsessniter

988 361 1214 393 administret.
1247 360 1431 402 Gelideque]
1440 361 1450 378 ⁴
1460 360 1575 392 Geliili
1582 361 1593 376 ¹
1602 368 1681 395 sunt

988 421 1095 448 senes,
1120 412 1174 443 vel
1197 411 1287 452 quod
1308 411 1424 444 fervor
1445 411 1503 443 ille
1523 417 1562 443 et
1582 411 1682 444 ardor

990 462 1231 494 adolescentiae
1259 461 1485 501 deferbuerit,
1515 462 1569 493 vel
1594 462 1691 504 quoti.

989 512 1154 543 naturalis
1175 512 1277 543 etiam
1297 512 1387 543 calor
1407 511 1562 543 membra
1581 511 1686 544 desti·

991 563 1116 594 tuerit:
1141 563 1230 594 unde
1253 562 1390 604 proprie
1414 571 1435 594 a
1457 561 1577 594 Poiitis
1599 564 1610 581 ⁸
1626 560 1687 594 fri·
1706 554 1712 560 ’

991 612 1089 654 gida'
1114 615 1185 645 et‘
1202 613 1317 654 gelida
1345 612 1518 645 senectus'
1549 611 1686 645 dieitur.

991 665 1147 697 Nunnius.

1034 719 1098 748 172
1119 715 1263 756 Dilutor]
1283 715 1368 747 Rem
1384 723 1520 754 semper
1535 690 1692 756 procras-

991 767 1117 799 tinans.
1185 766 1247 807 Spe
1283 765 1411 807 longus]
1446 764 1690 796 'tenacissima

992 819 1077 860 spei.
1137 818 1244 849 Videt
1272 826 1383 849 rerum
1419 816 1526 856 vices,
1554 825 1692 858 semper

991 873 1110 910 sperat
1126 868 1276 908 meliora,
1291 876 1357 899 nec
1371 867 1480 899 instar
1494 866 1694 898 adolescen-

993 923 1065 953 tum
1090 918 1264 959 desperat,
1277 916 1337 949 sed
1353 925 1449 958 spent
1471 916 1614 948 ulterius
1631 925 1692 947 ex-

995 968 1118 1000 tendit.
1161 969 1208 1000 Et
1228 967 1352 1000 Cicero
1366 967 1417 998 ait
1429 965 1600 998 neminem
1614 974 1692 998 esse

996 1025 1065 1050 tam
1080 1027 1209 1058 senem,
1224 1018 1282 1060 qni
1297 1026 1335 1049 se
1349 1026 1473 1049 annun
1493 1025 1559 1048 nou
1574 1020 1695 1058 speret

996 1079 1097 1110 posse
1125 1069 1252 1100 vivere.
1281 1067 1439 1099 Nunnius.
1481 1066 1545 1107 Spe
1568 1066 1698 1107 longus]

997 1118 1199 1159 Longinqua
1222 1125 1375 1164 speram,
1401 1114 1503 1157 unum
1525 1115 1572 1148 sit
1594 1116 1698 1148 morti

998 1168 1186 1209 proximus.
1225 1166 1332 1207 Iners]
1350 1166 1470 1207 Segnis
1484 1169 1520 1197 et
1535 1165 1579 1198 ad
1593 1174 1697 1207 agen-

999 1219 1080 1251 dum
1096 1219 1246 1260 ineptus.
1280 1216 1595 1259 Avia-equestrem]
1604 1212 1698 1250 Pra-

1000 1270 1110 1302 sentia
1125 1269 1215 1301 enim
1230 1268 1425 1309 displicent,
1439 1268 1547 1299 inhiat
1561 1266 1700 1299 futuris.

1001 1321 1160 1352 Nunnius.
1204 1318 1383 1359 Anidusque
1391 1317 1517 1357 futuri]
1531 1315 1709 1357 Φιλόζαος,

998 1370 1074 1402 vitoe
1087 1370 1224 1410 cupium.
1270 1368 1358 1400 Nam
1373 1376 1481 1399 senex
1504 1367 1586 1409 quia
1598 1366 1700 1399 abest

1001 1430 1022 1452 a
1037 1420 1107 1451 vita
1121 1420 1235 1460 longa,
1250 1418 1342 1450 illam
1358 1416 1544 1449 desiderat.

1044 1472 1106 1501 173
1129 1469 1294 1512 Difficilis,
1306 1468 1468 1510 quer-ulus]
1490 1469 1501 1486 ⁸
1517 1465 1702 1501 Difficiles’

1002 1525 1081 1552 sunt
1096 1530 1206 1557 senes.
1217 1520 1279 1562 -qui
1295 1529 1332 1551 se
1347 1519 1484 1550 minime
1499 1517 1620 1550 faciles
1633 1526 1700 1550 nec

1001 1571 1191 1603 exorabiles
1219 1575 1324 1613 utque
1357 1569 1581 1611 obsequiosus
1612 1578 1702 1610 praei

1002 1622 1097 1655 beut.
1140 1621 1151 1640 ⁴
1169 1620 1335 1658 Querulif
1356 1619 1560 1662 μεμψίμοιροι,
1576 1620 1634 1662 qni
1651 1620 1702 1652 le-

1002 1672 1124 1704 viculis
1148 1670 1288 1704 offeusis
1313 1670 1496 1707 luduntur,
1521 1674 1559 1703 et
1585 1669 1702 1702 statim

1002 1723 1236 1764 expostulant.
1280 1722 1291 1740 ‘
1306 1721 1457 1754 Morosi’
1480 1721 1539 1764 qni
1561 1720 1702 1753 nimium

1003 1777 1125 1804 exacte
1153 1772 1188 1803 in
1217 1772 1327 1803 bonos
1355 1779 1468 1803 mores
1503 1770 1703 1812 anquirunt.

1005 1824 1166 1857 Nunnius.
1209 1821 1380 1866 Difficilis]
1402 1822 1572 1855 Morosus.

1049 1878 1112 1907 174
1125 1875 1168 1907 Se
1180 1874 1290 1916 puero]
1306 1874 1347 1906 In
1362 1873 1510 1915 pueritia
1519 1882 1591 1908 sua.
1623 1873 1704 1905 Ca·

1005 1935 1058 1956 sor
1068 1923 1315 1964 castigatorque]
1334 1923 1444 1957 Quasi
1459 1924 1590 1956 Censor
1603 1923 1707 1956 casti·

1006 1982 1089 2014 gans
1107 1973 1281 2014 juniorum
1296 1981 1421 2004 mores.

1051 2025 1112 2055 175
1136 2022 1226 2055 Anni
1252 2021 1423 2063 venientes]
1454 2021 1497 2054 In
1520 2022 1704 2064 juvenibus

1008 2074 1099 2107 euim
1110 2074 1285 2114 memoria,
1294 2073 1410 2115 robur,
1421 2075 1458 2105 et
1465 2073 1599 2115 agilitas
1614 2082 1708 2106 cres·

1008 2131 1113 2166 cunt3
1137 2136 1213 2169 quae
1231 2126 1321 2158 sicut
1335 2125 1459 2157 sensim
1475 2128 1639 2157 crescunt
1650 2134 1707 2157 us-

1008 2186 1074 2220 que
1090 2177 1132 2208 ad
1149 2176 1370 2217 juventutem
1389 2176 1539 2216 plenam,
1559 2175 1609 2206 ita
1629 2183 1707 2207 seu·

1009 2228 1071 2259 sim
1097 2226 1274 2262 deficiunt,
1299 2226 1485 2266 juventute
1512 2224 1710 2257 recedente.

1008 2277 1101 2310 Anni
1129 2280 1245 2309 autem
1267 2276 1385 2308 venire
1406 2275 1566 2308 dicuntur
1589 2274 1632 2307 ad
1650 2278 1708 2308 46.

1009 2338 1146 2368 annum,
1160 2328 1240 2361 inde
1257 2328 1363 2360 abire.
1379 2327 1512 2360 Salmas.
1556 2326 1645 2359 Anni
1658 2336 1710 2359 ue-

1008 2378 1143 2419 nientes]
1167 2378 1260 2411 Anni
1280 2379 1324 2411 ab
1346 2377 1549 2410 incunabilis
1572 2377 1615 2409 ad
1637 2386 1709 2410 me-

1010 2431 1101 2462 diam
1122 2435 1271 2462 aetatem.
1320 2429 1504 2471 Venientes]
1524 2427 1568 2460 Id
1583 2431 1639 2460 est
1651 2437 1709 2460 ae-

1012 2484 1220 2513 crescentes.
1245 2479 1402 2513 Nunnius.

1072 2533 1134 2564 176
1178 2528 1385 2569 Rei-edentes]
1445 2529 1710 2562 Deerescentes.

1015 2583 1174 2614 Nunnius.
1224 2580 1429 2622 Recedentes]
1451 2581 1537 2613 Post
1563 2580 1712 2612 mediam

1014 2637 1167 2664 aetatem.
1223 2632 1275 2664 Ne
1295 2632 1385 2671 sor-te
1412 2631 1539 2673 mnu]
1557 2631 1712 2672 ‚Omnino

1017 2682 1213 2715 discrimina
1236 2686 1375 2714 aetatnm
1397 2686 1435 2714 et
1449 2681 1563 2714 officia
1575 2689 1713 2714 servan·

1018 2733 1073 2766 da.
1119 2734 1208 2765 Nam
1224 2733 1252 2765 si
1267 2741 1308 2765 eo
1324 2732 1358 2763 in
1374 2741 1499 2774 genere
1511 2731 1712 2773 prm-rise-

1018 2793 1104 2825 mur,
1136 2787 1244 2816 totum
1285 2782 1446 2815 decorum
1484 2782 1715 2822 extinguetur,
