<?xml version="1.0" encoding="UTF-8"?>
<!DOCTYPE html PUBLIC "-//W3C//DTD XHTML 1.0 Transitional//EN"
    "http://www.w3.org/TR/xhtml1/DTD/xhtml1-transitional.dtd">
<html xmlns="http://www.w3.org/1999/xhtml" xml:lang="en" lang="en">
 <head>
  <title>
</title>
<meta http-equiv="Content-Type" content="text/html;charset=utf-8" />
  <meta name='ocr-system' content='tesseract 3.04.00' />
  <meta name='ocr-capabilities' content='ocr_page ocr_carea ocr_par ocr_line ocrx_word'/>
</head>
<body>
  <div class='ocr_page' id='page_1' title='image "./operaomnia04horauoft/operaomnia04horauoft_0086.png"; bbox 0 0 1858 3184; ppageno 0'>
   <div class='ocr_carea' id='block_1_1' title="bbox 239 216 351 259">
    <p class='ocr_par' dir='ltr' id='par_1_1' title="bbox 239 216 351 259">
     <span class='ocr_line' id='line_1_1' title="bbox 239 216 351 259; baseline 0.018 -2"><span class='ocrx_word' id='word_1_1' title='bbox 239 216 351 259; x_wconf 78' lang='lat'>1836</span> 
     </span>
    </p>
   </div>
   <div class='ocr_carea' id='block_1_2' title="bbox 229 319 936 2798">
    <p class='ocr_par' dir='ltr' id='par_1_2' title="bbox 229 319 935 600">
     <span class='ocr_line' id='line_1_2' title="bbox 240 319 932 362; baseline 0 -10"><span class='ocrx_word' id='word_1_2' title='bbox 240 329 340 362; x_wconf 83' lang='lat' dir='ltr'>quum</span> <span class='ocrx_word' id='word_1_3' title='bbox 356 328 398 351; x_wconf 83' lang='lat' dir='ltr'>ea</span> <span class='ocrx_word' id='word_1_4' title='bbox 413 319 456 351; x_wconf 91' lang='lat' dir='ltr'>ab</span> <span class='ocrx_word' id='word_1_5' title='bbox 478 319 657 361; x_wconf 84' lang='lat' dir='ltr'>adeptione</span> <span class='ocrx_word' id='word_1_6' title='bbox 674 321 759 357; x_wconf 79' lang='lat' dir='ltr'>finis,</span> <span class='ocrx_word' id='word_1_7' title='bbox 778 331 843 362; x_wconf 84' lang='lat' dir='ltr'>quo</span> <span class='ocrx_word' id='word_1_8' title='bbox 860 326 932 352; x_wconf 88' lang='lat' dir='ltr'>ten-</span> 
     </span>
     <span class='ocr_line' id='line_1_3' title="bbox 238 370 934 412; baseline 0.001 -10"><span class='ocrx_word' id='word_1_9' title='bbox 238 370 360 410; x_wconf 86' lang='lat' dir='ltr'>dimus,</span> <span class='ocrx_word' id='word_1_10' title='bbox 388 370 595 412; x_wconf 83' lang='lat' dir='ltr'>dependeat,</span> <span class='ocrx_word' id='word_1_11' title='bbox 617 371 739 403; x_wconf 89' lang='lat' dir='ltr'>merito</span> <span class='ocrx_word' id='word_1_12' title='bbox 764 371 934 412; x_wconf 78' lang='lat' dir='ltr'>dispicere</span> 
     </span>
     <span class='ocr_line' id='line_1_4' title="bbox 229 419 933 462; baseline 0.001 -11"><span class='ocrx_word' id='word_1_13' title='bbox 229 419 333 461; x_wconf 82' lang='lat' dir='ltr'>jubet</span> <span class='ocrx_word' id='word_1_14' title='bbox 362 420 536 460; x_wconf 80' lang='lat' dir='ltr'>Horatius,</span> <span class='ocrx_word' id='word_1_15' title='bbox 560 431 627 462; x_wconf 85' lang='lat' dir='ltr'>qua</span> <span class='ocrx_word' id='word_1_16' title='bbox 653 420 789 452; x_wconf 84' lang='lat' dir='ltr'>tandem</span> <span class='ocrx_word' id='word_1_17' title='bbox 817 421 870 452; x_wconf 87' lang='lat' dir='ltr'>via</span> <span class='ocrx_word' id='word_1_18' title='bbox 891 431 933 453; x_wconf 89' lang='lat' dir='ltr'>eo</span> 
     </span>
     <span class='ocr_line' id='line_1_5' title="bbox 238 469 934 510; baseline 0.003 -10"><span class='ocrx_word' id='word_1_19' title='bbox 238 469 481 510; x_wconf 74' lang='lat' dir='ltr'>perveniamus.</span> <span class='ocrx_word' id='word_1_20' title='bbox 507 471 597 502; x_wconf 79' lang='lat' dir='ltr'>Torr.</span> <span class='ocrx_word' id='word_1_21' title='bbox 643 470 728 505; x_wconf 74' lang='lat' dir='ltr'>Quid</span> <span class='ocrx_word' id='word_1_22' title='bbox 749 479 826 510; x_wconf 77' lang='lat' dir='ltr'>pure</span> <span class='ocrx_word' id='word_1_23' title='bbox 846 474 934 502; x_wconf 79' lang='lat' dir='ltr'>tran-</span> 
     </span>
     <span class='ocr_line' id='line_1_6' title="bbox 237 518 935 560; baseline 0 -10"><span class='ocrx_word' id='word_1_24' title='bbox 237 518 360 559; x_wconf 69' lang='lat' dir='ltr'>quiueae]</span> <span class='ocrx_word' id='word_1_25' title='bbox 382 518 473 552; x_wconf 80' lang='lat' dir='ltr'>Quid</span> <span class='ocrx_word' id='word_1_26' title='bbox 498 528 581 550; x_wconf 83' lang='lat' dir='ltr'>vere</span> <span class='ocrx_word' id='word_1_27' title='bbox 605 518 751 550; x_wconf 88' lang='lat' dir='ltr'>animum</span> <span class='ocrx_word' id='word_1_28' title='bbox 772 519 935 560; x_wconf 84' lang='lat' dir='ltr'>tranquil·</span> 
     </span>
     <span class='ocr_line' id='line_1_7' title="bbox 235 569 452 600; baseline 0 0"><span class='ocrx_word' id='word_1_29' title='bbox 235 569 303 600; x_wconf 83' lang='lat' dir='ltr'>lum</span> <span class='ocrx_word' id='word_1_30' title='bbox 320 569 452 600; x_wconf 86' lang='lat' dir='ltr'>reddat.</span> 
     </span>
    </p>

    <p class='ocr_par' dir='ltr' id='par_1_3' title="bbox 237 617 934 749">
     <span class='ocr_line' id='line_1_8' title="bbox 279 617 934 658; baseline 0.003 -10"><span class='ocrx_word' id='word_1_31' title='bbox 279 620 343 649; x_wconf 77' lang='grc'>103</span> <span class='ocrx_word' id='word_1_32' title='bbox 364 618 416 649; x_wconf 74' lang='lat' dir='ltr'>An</span> <span class='ocrx_word' id='word_1_33' title='bbox 425 617 590 658; x_wconf 72' lang='lat' dir='ltr'>secretam]</span> <span class='ocrx_word' id='word_1_34' title='bbox 613 617 668 649; x_wconf 86' lang='lat' dir='ltr'>An</span> <span class='ocrx_word' id='word_1_35' title='bbox 689 618 868 650; x_wconf 90' lang='lat' dir='ltr'>obscurum</span> <span class='ocrx_word' id='word_1_36' title='bbox 886 619 934 649; x_wconf 85' lang='lat' dir='ltr'>vi-</span> 
     </span>
     <span class='ocr_line' id='line_1_9' title="bbox 237 667 932 708; baseline 0.004 -11"><span class='ocrx_word' id='word_1_37' title='bbox 237 671 283 697; x_wconf 77' lang='lat' dir='ltr'>tae</span> <span class='ocrx_word' id='word_1_38' title='bbox 294 675 409 707; x_wconf 81' lang='lat' dir='ltr'>genus.</span> <span class='ocrx_word' id='word_1_39' title='bbox 445 667 598 699; x_wconf 69' lang='lat' dir='ltr'>fauentis</span> <span class='ocrx_word' id='word_1_40' title='bbox 606 667 718 700; x_wconf 72' lang='lat' dir='ltr'>semita</span> <span class='ocrx_word' id='word_1_41' title='bbox 729 667 818 708; x_wconf 78' lang='lat' dir='ltr'>vitoe]</span> <span class='ocrx_word' id='word_1_42' title='bbox 839 669 932 700; x_wconf 84' lang='lat' dir='ltr'>vitae</span> 
     </span>
     <span class='ocr_line' id='line_1_10' title="bbox 237 716 390 749; baseline 0.02 -3"><span class='ocrx_word' id='word_1_43' title='bbox 237 716 390 749; x_wconf 85' lang='lat' dir='ltr'>latentis.</span> 
     </span>
    </p>

    <p class='ocr_par' dir='ltr' id='par_1_4' title="bbox 233 765 934 906">
     <span class='ocr_line' id='line_1_11' title="bbox 281 765 933 808; baseline 0.003 -12"><span class='ocrx_word' id='word_1_44' title='bbox 281 767 343 797; x_wconf 70' lang='lat'>104</span> <span class='ocrx_word' id='word_1_45' title='bbox 365 765 497 808; x_wconf 61' lang='lat' dir='ltr'>Rqficit]</span> <span class='ocrx_word' id='word_1_46' title='bbox 519 765 679 798; x_wconf 86' lang='lat' dir='ltr'>Animum</span> <span class='ocrx_word' id='word_1_47' title='bbox 694 768 836 798; x_wconf 80' lang='lat' dir='ltr'>relaxat.</span> <span class='ocrx_word' id='word_1_48' title='bbox 871 766 933 798; x_wconf 79' lang='lat' dir='ltr'>Di-</span> 
     </span>
     <span class='ocr_line' id='line_1_12' title="bbox 233 814 934 858; baseline 0.003 -12"><span class='ocrx_word' id='word_1_49' title='bbox 233 814 344 854; x_wconf 75' lang='lat' dir='ltr'>gentia</span> <span class='ocrx_word' id='word_1_50' title='bbox 367 815 471 857; x_wconf 68' lang='lat' dir='ltr'>rivus]</span> <span class='ocrx_word' id='word_1_51' title='bbox 496 816 658 858; x_wconf 78' lang='lat' dir='ltr'>Digentia</span> <span class='ocrx_word' id='word_1_52' title='bbox 682 818 773 849; x_wconf 87' lang='lat' dir='ltr'>rivus</span> <span class='ocrx_word' id='word_1_53' title='bbox 796 822 850 849; x_wconf 88' lang='lat' dir='ltr'>est</span> <span class='ocrx_word' id='word_1_54' title='bbox 873 826 934 858; x_wconf 87' lang='lat' dir='ltr'>per</span> 
     </span>
     <span class='ocr_line' id='line_1_13' title="bbox 237 865 638 906; baseline 0.002 -10"><span class='ocrx_word' id='word_1_55' title='bbox 237 874 354 906; x_wconf 81' lang='lat' dir='ltr'>agrum</span> <span class='ocrx_word' id='word_1_56' title='bbox 369 865 504 897; x_wconf 79' lang='lat' dir='ltr'>Horatii</span> <span class='ocrx_word' id='word_1_57' title='bbox 518 865 638 898; x_wconf 85' lang='lat' dir='ltr'>fluens.</span> 
     </span>
    </p>

    <p class='ocr_par' dir='ltr' id='par_1_5' title="bbox 235 915 935 1194">
     <span class='ocr_line' id='line_1_14' title="bbox 281 915 934 958; baseline 0.003 -12"><span class='ocrx_word' id='word_1_58' title='bbox 281 917 342 946; x_wconf 81' lang='lat'>10⁵</span> <span class='ocrx_word' id='word_1_59' title='bbox 365 915 516 947; x_wconf 79' lang='lat' dir='ltr'>Mandela</span> <span class='ocrx_word' id='word_1_60' title='bbox 531 915 624 957; x_wconf 77' lang='lat' dir='ltr'>bibit]</span> <span class='ocrx_word' id='word_1_61' title='bbox 639 916 800 948; x_wconf 86' lang='lat' dir='ltr'>Mandela</span> <span class='ocrx_word' id='word_1_62' title='bbox 813 921 865 948; x_wconf 90' lang='lat' dir='ltr'>est</span> <span class='ocrx_word' id='word_1_63' title='bbox 877 926 934 958; x_wconf 80' lang='lat' dir='ltr'>pa-</span> 
     </span>
     <span class='ocr_line' id='line_1_15' title="bbox 237 964 934 1007; baseline 0.006 -12"><span class='ocrx_word' id='word_1_64' title='bbox 237 973 300 1004; x_wconf 77' lang='lat' dir='ltr'>gus</span> <span class='ocrx_word' id='word_1_65' title='bbox 320 964 355 995; x_wconf 91' lang='lat' dir='ltr'>in</span> <span class='ocrx_word' id='word_1_66' title='bbox 378 965 526 1005; x_wconf 77' lang='lat' dir='ltr'>Sabinis,</span> <span class='ocrx_word' id='word_1_67' title='bbox 551 966 649 1007; x_wconf 90' lang='lat' dir='ltr'>cujus</span> <span class='ocrx_word' id='word_1_68' title='bbox 670 966 791 998; x_wconf 82' lang='lat' dir='ltr'>incoiae</span> <span class='ocrx_word' id='word_1_69' title='bbox 808 966 934 1007; x_wconf 83' lang='lat' dir='ltr'>frigore</span> 
     </span>
     <span class='ocr_line' id='line_1_16' title="bbox 237 1014 935 1056; baseline 0.004 -11"><span class='ocrx_word' id='word_1_70' title='bbox 237 1014 419 1054; x_wconf 87' lang='lat' dir='ltr'>contracti,</span> <span class='ocrx_word' id='word_1_71' title='bbox 447 1024 567 1056; x_wconf 85' lang='lat' dir='ltr'>aquam</span> <span class='ocrx_word' id='word_1_72' title='bbox 602 1015 776 1056; x_wconf 78' lang='lat' dir='ltr'>Digentiae</span> <span class='ocrx_word' id='word_1_73' title='bbox 805 1016 935 1049; x_wconf 87' lang='lat' dir='ltr'>bibunt.</span> 
     </span>
     <span class='ocr_line' id='line_1_17' title="bbox 237 1062 935 1104; baseline 0.004 -10"><span class='ocrx_word' id='word_1_74' title='bbox 237 1062 533 1104; x_wconf 70' lang='lat' dir='ltr'>Rugosussrigore]</span> <span class='ocrx_word' id='word_1_75' title='bbox 556 1065 647 1097; x_wconf 78' lang='lat' dir='ltr'>Quia</span> <span class='ocrx_word' id='word_1_76' title='bbox 661 1063 788 1104; x_wconf 85' lang='lat' dir='ltr'>frigore</span> <span class='ocrx_word' id='word_1_77' title='bbox 799 1070 935 1097; x_wconf 82' lang='lat' dir='ltr'>contra·</span> 
     </span>
     <span class='ocr_line' id='line_1_18' title="bbox 235 1112 934 1156; baseline 0.004 -13"><span class='ocrx_word' id='word_1_78' title='bbox 235 1112 364 1145; x_wconf 83' lang='lat' dir='ltr'>huntur</span> <span class='ocrx_word' id='word_1_79' title='bbox 391 1119 428 1146; x_wconf 90' lang='lat' dir='ltr'>et</span> <span class='ocrx_word' id='word_1_80' title='bbox 465 1114 639 1155; x_wconf 78' lang='lat' dir='ltr'>asperiora</span> <span class='ocrx_word' id='word_1_81' title='bbox 666 1113 753 1145; x_wconf 87' lang='lat' dir='ltr'>fiunt</span> <span class='ocrx_word' id='word_1_82' title='bbox 780 1124 934 1156; x_wconf 83' lang='lat' dir='ltr'>corpora.</span> 
     </span>
     <span class='ocr_line' id='line_1_19' title="bbox 240 1161 383 1194; baseline 0.021 -3"><span class='ocrx_word' id='word_1_83' title='bbox 240 1161 383 1194; x_wconf 75' lang='lat' dir='ltr'>Torrent-</span> 
     </span>
    </p>

    <p class='ocr_par' dir='ltr' id='par_1_6' title="bbox 280 1212 679 1254">
     <span class='ocr_line' id='line_1_20' title="bbox 280 1212 679 1254; baseline 0.005 -12"><span class='ocrx_word' id='word_1_84' title='bbox 280 1214 344 1243; x_wconf 84' lang='grc'>106</span> <span class='ocrx_word' id='word_1_85' title='bbox 366 1212 513 1254; x_wconf 78' lang='lat' dir='ltr'>Precari]</span> <span class='ocrx_word' id='word_1_86' title='bbox 536 1212 679 1253; x_wconf 81' lang='lat' dir='ltr'>Optare.</span> 
     </span>
    </p>

    <p class='ocr_par' dir='ltr' id='par_1_7' title="bbox 236 1262 935 1444">
     <span class='ocr_line' id='line_1_21' title="bbox 280 1262 932 1306; baseline 0.005 -13"><span class='ocrx_word' id='word_1_87' title='bbox 280 1265 342 1293; x_wconf 86' lang='grc'>107</span> <span class='ocrx_word' id='word_1_88' title='bbox 365 1262 419 1294; x_wconf 71' lang='lat' dir='ltr'>Sit</span> <span class='ocrx_word' id='word_1_89' title='bbox 446 1263 540 1303; x_wconf 76' lang='lat' dir='ltr'>mihi]</span> <span class='ocrx_word' id='word_1_90' title='bbox 579 1263 627 1295; x_wconf 89' lang='lat' dir='ltr'>Ut</span> <span class='ocrx_word' id='word_1_91' title='bbox 663 1272 807 1302; x_wconf 83' lang='lat' dir='ltr'>servem,</span> <span class='ocrx_word' id='word_1_92' title='bbox 842 1264 932 1306; x_wconf 89' lang='lat' dir='ltr'>quod</span> 
     </span>
     <span class='ocr_line' id='line_1_22' title="bbox 236 1312 935 1353; baseline 0.006 -11"><span class='ocrx_word' id='word_1_93' title='bbox 236 1320 327 1343; x_wconf 89' lang='lat' dir='ltr'>nunc</span> <span class='ocrx_word' id='word_1_94' title='bbox 351 1312 472 1344; x_wconf 84' lang='lat' dir='ltr'>habeo.</span> <span class='ocrx_word' id='word_1_95' title='bbox 521 1313 566 1343; x_wconf 82' lang='lat' dir='ltr'>Ut</span> <span class='ocrx_word' id='word_1_96' title='bbox 591 1313 669 1343; x_wconf 77' lang='lat' dir='ltr'>mihi</span> <span class='ocrx_word' id='word_1_97' title='bbox 684 1313 801 1353; x_wconf 79' lang='lat' dir='ltr'>vivam]</span> <span class='ocrx_word' id='word_1_98' title='bbox 823 1315 871 1345; x_wconf 91' lang='lat' dir='ltr'>Ut</span> <span class='ocrx_word' id='word_1_99' title='bbox 887 1315 935 1346; x_wconf 89' lang='lat' dir='ltr'>vi·</span> 
     </span>
     <span class='ocr_line' id='line_1_23' title="bbox 237 1363 931 1404; baseline 0.004 -12"><span class='ocrx_word' id='word_1_100' title='bbox 237 1370 312 1392; x_wconf 84' lang='lat' dir='ltr'>vam</span> <span class='ocrx_word' id='word_1_101' title='bbox 340 1371 428 1402; x_wconf 93' lang='lat' dir='ltr'>meo,</span> <span class='ocrx_word' id='word_1_102' title='bbox 464 1371 531 1394; x_wconf 91' lang='lat' dir='ltr'>non</span> <span class='ocrx_word' id='word_1_103' title='bbox 567 1363 809 1404; x_wconf 88' lang='lat' dir='ltr'>potentiorum,</span> <span class='ocrx_word' id='word_1_104' title='bbox 844 1364 931 1396; x_wconf 87' lang='lat' dir='ltr'>arbi·</span> 
     </span>
     <span class='ocr_line' id='line_1_24' title="bbox 237 1416 343 1444; baseline 0.009 -1"><span class='ocrx_word' id='word_1_105' title='bbox 237 1416 343 1444; x_wconf 87' lang='lat' dir='ltr'>tratu.</span> 
     </span>
    </p>

    <p class='ocr_par' dir='ltr' id='par_1_8' title="bbox 281 1462 581 1503">
     <span class='ocr_line' id='line_1_25' title="bbox 281 1462 581 1503; baseline 0.003 -11"><span class='ocrx_word' id='word_1_106' title='bbox 281 1464 344 1493; x_wconf 88' lang='grc'>109</span> <span class='ocrx_word' id='word_1_107' title='bbox 367 1462 438 1503; x_wconf 82' lang='lat' dir='ltr'>Sit]</span> <span class='ocrx_word' id='word_1_108' title='bbox 462 1462 511 1493; x_wconf 90' lang='lat' dir='ltr'>Ut</span> <span class='ocrx_word' id='word_1_109' title='bbox 525 1462 581 1493; x_wconf 84' lang='lat' dir='ltr'>sit.</span> 
     </span>
    </p>

    <p class='ocr_par' dir='ltr' id='par_1_9' title="bbox 236 1511 934 2095">
     <span class='ocr_line' id='line_1_26' title="bbox 281 1511 932 1553; baseline 0.003 -11"><span class='ocrx_word' id='word_1_110' title='bbox 281 1514 343 1542; x_wconf 87' lang='grc'>110</span> <span class='ocrx_word' id='word_1_111' title='bbox 367 1512 439 1544; x_wconf 80' lang='lat' dir='ltr'>Neu</span> <span class='ocrx_word' id='word_1_112' title='bbox 451 1511 595 1553; x_wconf 76' lang='lat' dir='ltr'>fluitem]</span> <span class='ocrx_word' id='word_1_113' title='bbox 610 1512 792 1544; x_wconf 77' lang='lat' dir='ltr'>Lambinus</span> <span class='ocrx_word' id='word_1_114' title='bbox 807 1512 932 1553; x_wconf 79' lang='lat' dir='ltr'>neflui-</span> 
     </span>
     <span class='ocr_line' id='line_1_27' title="bbox 236 1562 934 1597; baseline 0.007 -7"><span class='ocrx_word' id='word_1_115' title='bbox 236 1562 310 1597; x_wconf 80' lang='lat' dir='ltr'>tem,</span> <span class='ocrx_word' id='word_1_116' title='bbox 326 1571 368 1592; x_wconf 87' lang='lat' dir='ltr'>ex</span> <span class='ocrx_word' id='word_1_117' title='bbox 385 1562 532 1593; x_wconf 88' lang='lat' dir='ltr'>Cantero</span> <span class='ocrx_word' id='word_1_118' title='bbox 550 1563 639 1594; x_wconf 82' lang='lat' dir='ltr'>Nov.</span> <span class='ocrx_word' id='word_1_119' title='bbox 657 1563 752 1594; x_wconf 88' lang='lat' dir='ltr'>Lect.</span> <span class='ocrx_word' id='word_1_120' title='bbox 764 1573 816 1595; x_wconf 82' lang='grc' dir='ltr'>ιν.</span> <span class='ocrx_word' id='word_1_121' title='bbox 833 1566 884 1595; x_wconf 82' lang='grc'>12.</span> <span class='ocrx_word' id='word_1_122' title='bbox 899 1567 934 1595; x_wconf 89' lang='lat' dir='ltr'>et</span> 
     </span>
     <span class='ocr_line' id='line_1_28' title="bbox 237 1611 933 1652; baseline 0.004 -11"><span class='ocrx_word' id='word_1_123' title='bbox 237 1611 340 1650; x_wconf 77' lang='lat' dir='ltr'>paulo</span> <span class='ocrx_word' id='word_1_124' title='bbox 352 1615 433 1642; x_wconf 80' lang='lat' dir='ltr'>ante</span> <span class='ocrx_word' id='word_1_125' title='bbox 453 1614 486 1642; x_wconf 80' lang='lat' dir='ltr'>et</span> <span class='ocrx_word' id='word_1_126' title='bbox 507 1611 586 1642; x_wconf 70' lang='lat' dir='ltr'>milei</span> <span class='ocrx_word' id='word_1_127' title='bbox 608 1612 722 1647; x_wconf 74' lang='lat' dir='ltr'>vivam,</span> <span class='ocrx_word' id='word_1_128' title='bbox 749 1622 810 1652; x_wconf 89' lang='lat' dir='ltr'>pro</span> <span class='ocrx_word' id='word_1_129' title='bbox 825 1616 862 1644; x_wconf 80' lang='lat' dir='ltr'>ut</span> <span class='ocrx_word' id='word_1_130' title='bbox 874 1613 933 1643; x_wconf 76' lang='lat' dir='ltr'>mi-</span> 
     </span>
     <span class='ocr_line' id='line_1_29' title="bbox 237 1659 933 1703; baseline 0.004 -13"><span class='ocrx_word' id='word_1_131' title='bbox 237 1659 271 1690; x_wconf 69' lang='lat' dir='ltr'>hi</span> <span class='ocrx_word' id='word_1_132' title='bbox 294 1660 409 1699; x_wconf 77' lang='lat' dir='ltr'>vivam,</span> <span class='ocrx_word' id='word_1_133' title='bbox 431 1665 468 1692; x_wconf 91' lang='lat' dir='ltr'>et</span> <span class='ocrx_word' id='word_1_134' title='bbox 489 1671 550 1692; x_wconf 72' lang='lat' dir='ltr'>non</span> <span class='ocrx_word' id='word_1_135' title='bbox 569 1661 710 1703; x_wconf 77' lang='lat' dir='ltr'>fluitem,</span> <span class='ocrx_word' id='word_1_136' title='bbox 732 1671 808 1703; x_wconf 72' lang='lat' dir='ltr'>quse</span> <span class='ocrx_word' id='word_1_137' title='bbox 831 1662 933 1694; x_wconf 79' lang='lat' dir='ltr'>lectio</span> 
     </span>
     <span class='ocr_line' id='line_1_30' title="bbox 238 1709 932 1750; baseline 0.006 -11"><span class='ocrx_word' id='word_1_138' title='bbox 238 1711 345 1740; x_wconf 79' lang='lat' dir='ltr'>multo</span> <span class='ocrx_word' id='word_1_139' title='bbox 375 1709 528 1750; x_wconf 88' lang='lat' dir='ltr'>pluribus</span> <span class='ocrx_word' id='word_1_140' title='bbox 567 1711 768 1742; x_wconf 74' lang='lat' dir='ltr'>testimoniis</span> <span class='ocrx_word' id='word_1_141' title='bbox 799 1712 932 1743; x_wconf 88' lang='lat' dir='ltr'>nititur.</span> 
     </span>
     <span class='ocr_line' id='line_1_31' title="bbox 236 1758 934 1802; baseline 0.006 -13"><span class='ocrx_word' id='word_1_142' title='bbox 236 1759 247 1775; x_wconf 89' lang='lat'><em>‘</em></span> <span class='ocrx_word' id='word_1_143' title='bbox 266 1758 434 1790; x_wconf 88' lang='lat' dir='ltr'>Dubiam’</span> <span class='ocrx_word' id='word_1_144' title='bbox 454 1768 536 1790; x_wconf 86' lang='lat' dir='ltr'>vero</span> <span class='ocrx_word' id='word_1_145' title='bbox 555 1759 565 1776; x_wconf 92' lang='lat'>‘</span> <span class='ocrx_word' id='word_1_146' title='bbox 581 1760 717 1791; x_wconf 86' lang='lat' dir='ltr'>horam’</span> <span class='ocrx_word' id='word_1_147' title='bbox 737 1766 852 1800; x_wconf 84' lang='lat' dir='ltr'>vocat,</span> <span class='ocrx_word' id='word_1_148' title='bbox 867 1770 934 1802; x_wconf 87' lang='lat' dir='ltr'>qua</span> 
     </span>
     <span class='ocr_line' id='line_1_32' title="bbox 237 1808 934 1852; baseline 0.006 -13"><span class='ocrx_word' id='word_1_149' title='bbox 237 1808 320 1840; x_wconf 85' lang='lat' dir='ltr'>nihil</span> <span class='ocrx_word' id='word_1_150' title='bbox 335 1809 512 1850; x_wconf 83' lang='lat' dir='ltr'>incertius,</span> <span class='ocrx_word' id='word_1_151' title='bbox 528 1810 645 1841; x_wconf 85' lang='lat' dir='ltr'>mortis</span> <span class='ocrx_word' id='word_1_152' title='bbox 662 1811 816 1850; x_wconf 87' lang='lat' dir='ltr'>scilicet;</span> <span class='ocrx_word' id='word_1_153' title='bbox 836 1811 934 1852; x_wconf 88' lang='lat' dir='ltr'>cujus</span> 
     </span>
     <span class='ocr_line' id='line_1_33' title="bbox 238 1858 933 1899; baseline 0.003 -9"><span class='ocrx_word' id='word_1_154' title='bbox 238 1868 311 1899; x_wconf 83' lang='lat' dir='ltr'>spe,</span> <span class='ocrx_word' id='word_1_155' title='bbox 339 1858 411 1889; x_wconf 88' lang='lat' dir='ltr'>sive</span> <span class='ocrx_word' id='word_1_156' title='bbox 441 1864 535 1889; x_wconf 88' lang='lat' dir='ltr'>metu</span> <span class='ocrx_word' id='word_1_157' title='bbox 565 1860 642 1899; x_wconf 87' lang='lat' dir='ltr'>angi</span> <span class='ocrx_word' id='word_1_158' title='bbox 667 1861 766 1891; x_wconf 90' lang='lat' dir='ltr'>nolit.</span> <span class='ocrx_word' id='word_1_159' title='bbox 810 1861 820 1878; x_wconf 89' lang='lat'>‘</span> <span class='ocrx_word' id='word_1_160' title='bbox 838 1861 933 1892; x_wconf 92' lang='lat' dir='ltr'>Sum—</span> 
     </span>
     <span class='ocr_line' id='line_1_34' title="bbox 237 1907 932 1947; baseline 0.001 -9"><span class='ocrx_word' id='word_1_161' title='bbox 237 1909 351 1944; x_wconf 89' lang='lat' dir='ltr'>mum,’</span> <span class='ocrx_word' id='word_1_162' title='bbox 365 1907 477 1947; x_wconf 88' lang='lat' dir='ltr'>inquit</span> <span class='ocrx_word' id='word_1_163' title='bbox 492 1907 562 1945; x_wconf 83' lang='lat' dir='ltr'>iiie,</span> <span class='ocrx_word' id='word_1_164' title='bbox 578 1907 588 1924; x_wconf 91' lang='lat'>‘</span> <span class='ocrx_word' id='word_1_165' title='bbox 602 1916 666 1938; x_wconf 89' lang='lat' dir='ltr'>nec</span> <span class='ocrx_word' id='word_1_166' title='bbox 682 1912 814 1938; x_wconf 84' lang='lat' dir='ltr'>metuas</span> <span class='ocrx_word' id='word_1_167' title='bbox 830 1909 932 1944; x_wconf 84' lang='lat' dir='ltr'>diem,</span> 
     </span>
     <span class='ocr_line' id='line_1_35' title="bbox 237 1955 934 1998; baseline 0.001 -10"><span class='ocrx_word' id='word_1_168' title='bbox 237 1966 302 1988; x_wconf 86' lang='lat' dir='ltr'>nec</span> <span class='ocrx_word' id='word_1_169' title='bbox 316 1955 439 1997; x_wconf 70' lang='lat' dir='ltr'>optes!</span> <span class='ocrx_word' id='word_1_170' title='bbox 464 1956 607 1988; x_wconf 64' lang='lat' dir='ltr'>Tenent.</span> <span class='ocrx_word' id='word_1_171' title='bbox 654 1957 707 1988; x_wconf 82' lang='lat' dir='ltr'>Ne</span> <span class='ocrx_word' id='word_1_172' title='bbox 718 1957 863 1998; x_wconf 75' lang='lat' dir='ltr'>fluitem]</span> <span class='ocrx_word' id='word_1_173' title='bbox 886 1958 934 1989; x_wconf 90' lang='lat' dir='ltr'>Ut</span> 
     </span>
     <span class='ocr_line' id='line_1_36' title="bbox 237 2005 933 2047; baseline 0.001 -10"><span class='ocrx_word' id='word_1_174' title='bbox 237 2015 281 2037; x_wconf 92' lang='lat' dir='ltr'>ne</span> <span class='ocrx_word' id='word_1_175' title='bbox 306 2014 441 2046; x_wconf 78' lang='lat' dir='ltr'>semper</span> <span class='ocrx_word' id='word_1_176' title='bbox 466 2005 614 2037; x_wconf 87' lang='lat' dir='ltr'>incertus</span> <span class='ocrx_word' id='word_1_177' title='bbox 640 2005 715 2047; x_wconf 88' lang='lat' dir='ltr'>sim,</span> <span class='ocrx_word' id='word_1_178' title='bbox 740 2006 892 2047; x_wconf 90' lang='lat' dir='ltr'>pendeus</span> <span class='ocrx_word' id='word_1_179' title='bbox 913 2016 933 2037; x_wconf 87' lang='lat' dir='ltr'>a</span> 
     </span>
     <span class='ocr_line' id='line_1_37' title="bbox 237 2055 511 2095; baseline -0.004 -8"><span class='ocrx_word' id='word_1_180' title='bbox 237 2055 339 2087; x_wconf 89' lang='lat' dir='ltr'>rebus</span> <span class='ocrx_word' id='word_1_181' title='bbox 354 2055 511 2095; x_wconf 84' lang='lat' dir='ltr'>speratis.</span> 
     </span>
    </p>

    <p class='ocr_par' dir='ltr' id='par_1_10' title="bbox 236 2104 934 2538">
     <span class='ocr_line' id='line_1_38' title="bbox 281 2104 933 2147; baseline 0 -9"><span class='ocrx_word' id='word_1_182' title='bbox 281 2108 342 2138; x_wconf 90' lang='lat'>111</span> <span class='ocrx_word' id='word_1_183' title='bbox 366 2105 431 2136; x_wconf 82' lang='lat' dir='ltr'>Sed</span> <span class='ocrx_word' id='word_1_184' title='bbox 442 2105 522 2136; x_wconf 77' lang='lat' dir='ltr'>satis</span> <span class='ocrx_word' id='word_1_185' title='bbox 535 2105 596 2145; x_wconf 82' lang='lat' dir='ltr'>est]</span> <span class='ocrx_word' id='word_1_186' title='bbox 614 2104 705 2137; x_wconf 84' lang='lat' dir='ltr'>Vota</span> <span class='ocrx_word' id='word_1_187' title='bbox 720 2106 857 2147; x_wconf 90' lang='lat' dir='ltr'>quidem</span> <span class='ocrx_word' id='word_1_188' title='bbox 873 2117 933 2138; x_wconf 87' lang='lat' dir='ltr'>sua</span> 
     </span>
     <span class='ocr_line' id='line_1_39' title="bbox 239 2155 932 2197; baseline 0 -9"><span class='ocrx_word' id='word_1_189' title='bbox 239 2160 318 2188; x_wconf 85' lang='lat' dir='ltr'>ante</span> <span class='ocrx_word' id='word_1_190' title='bbox 333 2155 518 2197; x_wconf 83' lang='lat' dir='ltr'>explicuit:</span> <span class='ocrx_word' id='word_1_191' title='bbox 543 2164 685 2197; x_wconf 89' lang='lat' dir='ltr'>quorum</span> <span class='ocrx_word' id='word_1_192' title='bbox 701 2165 790 2187; x_wconf 90' lang='lat' dir='ltr'>nunc</span> <span class='ocrx_word' id='word_1_193' title='bbox 805 2155 932 2188; x_wconf 84' lang='lat' dir='ltr'>formu·</span> 
     </span>
     <span class='ocr_line' id='line_1_40' title="bbox 237 2206 933 2247; baseline 0.001 -9"><span class='ocrx_word' id='word_1_194' title='bbox 237 2207 303 2238; x_wconf 81' lang='lat' dir='ltr'>lam</span> <span class='ocrx_word' id='word_1_195' title='bbox 328 2206 551 2247; x_wconf 78' lang='lat' dir='ltr'>restringens.</span> <span class='ocrx_word' id='word_1_196' title='bbox 605 2206 736 2237; x_wconf 89' lang='lat' dir='ltr'>Verum</span> <span class='ocrx_word' id='word_1_197' title='bbox 761 2207 843 2238; x_wconf 84' lang='lat' dir='ltr'>satis</span> <span class='ocrx_word' id='word_1_198' title='bbox 867 2212 933 2246; x_wconf 88' lang='lat' dir='ltr'>est,</span> 
     </span>
     <span class='ocr_line' id='line_1_41' title="bbox 237 2256 934 2299; baseline 0 -11"><span class='ocrx_word' id='word_1_199' title='bbox 237 2258 359 2299; x_wconf 84' lang='lat' dir='ltr'>iuquit,</span> <span class='ocrx_word' id='word_1_200' title='bbox 372 2266 414 2288; x_wconf 86' lang='lat' dir='ltr'>ea</span> <span class='ocrx_word' id='word_1_201' title='bbox 426 2256 546 2289; x_wconf 80' lang='lat' dir='ltr'>Jovem</span> <span class='ocrx_word' id='word_1_202' title='bbox 562 2265 679 2289; x_wconf 81' lang='lat' dir='ltr'>orare:</span> <span class='ocrx_word' id='word_1_203' title='bbox 704 2256 784 2291; x_wconf 80' lang='lat' dir='ltr'>Quoe</span> <span class='ocrx_word' id='word_1_204' title='bbox 796 2258 892 2288; x_wconf 79' lang='lat' dir='ltr'>donat</span> <span class='ocrx_word' id='word_1_205' title='bbox 902 2260 934 2288; x_wconf 82' lang='lat' dir='ltr'>et</span> 
     </span>
     <span class='ocr_line' id='line_1_42' title="bbox 236 2306 932 2347; baseline -0.001 -8"><span class='ocrx_word' id='word_1_206' title='bbox 236 2307 351 2346; x_wconf 54' lang='lat' dir='ltr'>aufert.</span> <span class='ocrx_word' id='word_1_207' title='bbox 371 2307 439 2339; x_wconf 87' lang='lat' dir='ltr'>Det</span> <span class='ocrx_word' id='word_1_208' title='bbox 461 2306 571 2343; x_wconf 79' lang='lat' dir='ltr'>vitam,</span> <span class='ocrx_word' id='word_1_209' title='bbox 592 2307 644 2338; x_wconf 80' lang='lat' dir='ltr'>det</span> <span class='ocrx_word' id='word_1_210' title='bbox 664 2316 746 2347; x_wconf 81' lang='lat' dir='ltr'>opes.</span> <span class='ocrx_word' id='word_1_211' title='bbox 769 2307 819 2338; x_wconf 92' lang='lat' dir='ltr'>sic</span> <span class='ocrx_word' id='word_1_212' title='bbox 842 2308 932 2338; x_wconf 90' lang='lat' dir='ltr'>enim</span> 
     </span>
     <span class='ocr_line' id='line_1_43' title="bbox 237 2356 932 2399; baseline 0 -11"><span class='ocrx_word' id='word_1_213' title='bbox 237 2358 272 2388; x_wconf 90' lang='lat' dir='ltr'>in</span> <span class='ocrx_word' id='word_1_214' title='bbox 294 2358 404 2389; x_wconf 88' lang='lat' dir='ltr'>tribus</span> <span class='ocrx_word' id='word_1_215' title='bbox 426 2356 658 2389; x_wconf 80' lang='lat' dir='ltr'>vetustissimis</span> <span class='ocrx_word' id='word_1_216' title='bbox 682 2357 782 2390; x_wconf 87' lang='lat' dir='ltr'>codd.</span> <span class='ocrx_word' id='word_1_217' title='bbox 796 2357 932 2399; x_wconf 83' lang='lat' dir='ltr'>legitur,</span> 
     </span>
     <span class='ocr_line' id='line_1_44' title="bbox 238 2407 933 2448; baseline -0.001 -9"><span class='ocrx_word' id='word_1_218' title='bbox 238 2417 302 2448; x_wconf 91' lang='lat' dir='ltr'>pro</span> <span class='ocrx_word' id='word_1_219' title='bbox 324 2407 378 2448; x_wconf 77' lang='lat' dir='ltr'>qui</span> <span class='ocrx_word' id='word_1_220' title='bbox 400 2407 508 2444; x_wconf 75' lang='lat' dir='ltr'>donat,</span> <span class='ocrx_word' id='word_1_221' title='bbox 532 2411 635 2448; x_wconf 76' lang='lat' dir='ltr'>atque</span> <span class='ocrx_word' id='word_1_222' title='bbox 657 2407 708 2439; x_wconf 81' lang='lat' dir='ltr'>ita</span> <span class='ocrx_word' id='word_1_223' title='bbox 730 2408 866 2439; x_wconf 92' lang='lat' dir='ltr'>omnino</span> <span class='ocrx_word' id='word_1_224' title='bbox 885 2407 933 2439; x_wconf 85' lang='lat' dir='ltr'>le-</span> 
     </span>
     <span class='ocr_line' id='line_1_45' title="bbox 239 2457 933 2499; baseline 0.001 -11"><span class='ocrx_word' id='word_1_225' title='bbox 239 2458 384 2496; x_wconf 82' lang='lat' dir='ltr'>gendum</span> <span class='ocrx_word' id='word_1_226' title='bbox 410 2465 545 2498; x_wconf 84' lang='lat' dir='ltr'>censeo,</span> <span class='ocrx_word' id='word_1_227' title='bbox 571 2463 608 2489; x_wconf 89' lang='lat' dir='ltr'>ut</span> <span class='ocrx_word' id='word_1_228' title='bbox 637 2457 743 2489; x_wconf 86' lang='lat' dir='ltr'>multo</span> <span class='ocrx_word' id='word_1_229' title='bbox 769 2457 933 2499; x_wconf 77' lang='lat' dir='ltr'>apertius.</span> 
     </span>
     <span class='ocr_line' id='line_1_46' title="bbox 242 2506 599 2538; baseline 0.003 -1"><span class='ocrx_word' id='word_1_230' title='bbox 242 2506 385 2538; x_wconf 57' lang='lat' dir='ltr'>Torrent-</span> <span class='ocrx_word' id='word_1_231' title='bbox 596 2532 599 2533; x_wconf 19' lang='grc' dir='ltr'><em>γ</em></span> 
     </span>
    </p>

    <p class='ocr_par' dir='ltr' id='par_1_11' title="bbox 239 2557 936 2798">
     <span class='ocr_line' id='line_1_47' title="bbox 285 2557 934 2600; baseline 0.005 -13"><span class='ocrx_word' id='word_1_232' title='bbox 285 2559 346 2587; x_wconf 82' lang='grc'>112</span> <span class='ocrx_word' id='word_1_233' title='bbox 372 2557 437 2588; x_wconf 83' lang='lat' dir='ltr'>Det</span> <span class='ocrx_word' id='word_1_234' title='bbox 453 2557 565 2598; x_wconf 79' lang='lat' dir='ltr'>vitam]</span> <span class='ocrx_word' id='word_1_235' title='bbox 588 2557 638 2589; x_wconf 90' lang='lat' dir='ltr'>Ut</span> <span class='ocrx_word' id='word_1_236' title='bbox 652 2559 755 2591; x_wconf 84' lang='lat' dir='ltr'>vitam</span> <span class='ocrx_word' id='word_1_237' title='bbox 771 2558 934 2600; x_wconf 79' lang='lat' dir='ltr'>largiatur</span> 
     </span>
     <span class='ocr_line' id='line_1_48' title="bbox 239 2605 936 2649; baseline 0.007 -13"><span class='ocrx_word' id='word_1_238' title='bbox 239 2610 275 2637; x_wconf 90' lang='lat' dir='ltr'>et</span> <span class='ocrx_word' id='word_1_239' title='bbox 291 2605 380 2637; x_wconf 85' lang='lat' dir='ltr'>bona</span> <span class='ocrx_word' id='word_1_240' title='bbox 393 2612 546 2639; x_wconf 83' lang='lat' dir='ltr'>externa.</span> <span class='ocrx_word' id='word_1_241' title='bbox 581 2609 717 2649; x_wconf 75' lang='lat' dir='ltr'>AEquuns</span> <span class='ocrx_word' id='word_1_242' title='bbox 729 2608 774 2640; x_wconf 62' lang='lat' dir='ltr'>m!</span> <span class='ocrx_word' id='word_1_243' title='bbox 785 2608 936 2649; x_wconf 74' lang='lat' dir='ltr'>animm]</span> 
     </span>
     <span class='ocr_line' id='line_1_49' title="bbox 239 2655 936 2691; baseline 0.003 -3"><span class='ocrx_word' id='word_1_244' title='bbox 239 2655 346 2688; x_wconf 83' lang='lat' dir='ltr'>Quasi</span> <span class='ocrx_word' id='word_1_245' title='bbox 372 2664 452 2686; x_wconf 88' lang='lat' dir='ltr'>vero</span> <span class='ocrx_word' id='word_1_246' title='bbox 473 2656 507 2687; x_wconf 89' lang='lat' dir='ltr'>id</span> <span class='ocrx_word' id='word_1_247' title='bbox 531 2657 603 2688; x_wconf 90' lang='lat' dir='ltr'>sine</span> <span class='ocrx_word' id='word_1_248' title='bbox 627 2658 743 2690; x_wconf 88' lang='lat' dir='ltr'>divino</span> <span class='ocrx_word' id='word_1_249' title='bbox 769 2658 936 2691; x_wconf 75' lang='lat' dir='ltr'>beneflcio</span> 
     </span>
     <span class='ocr_line' id='line_1_50' title="bbox 242 2704 936 2747; baseline 0.009 -12"><span class='ocrx_word' id='word_1_250' title='bbox 242 2705 418 2747; x_wconf 88' lang='lat' dir='ltr'>quisquam</span> <span class='ocrx_word' id='word_1_251' title='bbox 433 2704 547 2737; x_wconf 83' lang='lat' dir='ltr'>facere</span> <span class='ocrx_word' id='word_1_252' title='bbox 564 2708 680 2747; x_wconf 89' lang='lat' dir='ltr'>possit.</span> <span class='ocrx_word' id='word_1_253' title='bbox 710 2709 782 2741; x_wconf 88' lang='lat' dir='ltr'>&#39;Sed</span> <span class='ocrx_word' id='word_1_254' title='bbox 795 2719 837 2740; x_wconf 85' lang='lat' dir='ltr'>ex</span> <span class='ocrx_word' id='word_1_255' title='bbox 847 2709 936 2741; x_wconf 88' lang='lat' dir='ltr'>Stoi-</span> 
     </span>
     <span class='ocr_line' id='line_1_51' title="bbox 242 2756 934 2798; baseline 0.007 -12"><span class='ocrx_word' id='word_1_256' title='bbox 242 2764 357 2787; x_wconf 87' lang='lat' dir='ltr'>corum</span> <span class='ocrx_word' id='word_1_257' title='bbox 386 2756 555 2787; x_wconf 85' lang='lat' dir='ltr'>sententia</span> <span class='ocrx_word' id='word_1_258' title='bbox 593 2757 751 2798; x_wconf 81' lang='lat' dir='ltr'>loquitur.</span> <span class='ocrx_word' id='word_1_259' title='bbox 791 2759 934 2791; x_wconf 67' lang='lat' dir='ltr'>Tor-rent.</span> 
     </span>
    </p>
   </div>
   <div class='ocr_carea' id='block_1_3' title="bbox 700 228 1220 259">
    <p class='ocr_par' dir='ltr' id='par_1_12' title="bbox 700 228 1220 259">
     <span class='ocr_line' id='line_1_52' title="bbox 700 228 1220 259; baseline -0.002 0"><span class='ocrx_word' id='word_1_260' title='bbox 700 228 841 259; x_wconf 77' lang='lat' dir='ltr'>No&#39;rAE</span> <span class='ocrx_word' id='word_1_261' title='bbox 874 228 1136 259; x_wconf 81' lang='lat' dir='ltr'>VAR10RUM</span> <span class='ocrx_word' id='word_1_262' title='bbox 1173 228 1220 258; x_wconf 88' lang='lat' dir='ltr'>IN</span> 
     </span>
    </p>
   </div>
   <div class='ocr_carea' id='block_1_4' title="bbox 984 321 1675 462">
    <p class='ocr_par' dir='ltr' id='par_1_13' title="bbox 984 321 1675 462">
     <span class='ocr_line' id='line_1_53' title="bbox 984 321 1675 364; baseline 0.001 -11"><span class='ocrx_word' id='word_1_263' title='bbox 984 323 1120 362; x_wconf 81' lang='lat' dir='ltr'>AEquum</span> <span class='ocrx_word' id='word_1_264' title='bbox 1138 322 1183 352; x_wconf 64' lang='lat' dir='ltr'>me</span> <span class='ocrx_word' id='word_1_265' title='bbox 1199 321 1335 353; x_wconf 82' lang='lat' dir='ltr'>animum</span> <span class='ocrx_word' id='word_1_266' title='bbox 1354 321 1418 361; x_wconf 78' lang='lat' dir='ltr'>ipse</span> <span class='ocrx_word' id='word_1_267' title='bbox 1436 321 1568 364; x_wconf 68' lang='lat' dir='ltr'>parab]</span> <span class='ocrx_word' id='word_1_268' title='bbox 1592 323 1675 356; x_wconf 74' lang='lat' dir='ltr'>Aui-</span> 
     </span>
     <span class='ocr_line' id='line_1_54' title="bbox 985 370 1675 412; baseline 0.003 -10"><span class='ocrx_word' id='word_1_269' title='bbox 985 381 1074 402; x_wconf 90' lang='lat' dir='ltr'>mum</span> <span class='ocrx_word' id='word_1_270' title='bbox 1090 371 1292 412; x_wconf 85' lang='lat' dir='ltr'>aequabilem</span> <span class='ocrx_word' id='word_1_271' title='bbox 1308 375 1344 402; x_wconf 83' lang='lat' dir='ltr'>et</span> <span class='ocrx_word' id='word_1_272' title='bbox 1361 370 1585 411; x_wconf 61' lang='lat' dir='ltr'>praesentibus</span> <span class='ocrx_word' id='word_1_273' title='bbox 1595 380 1675 404; x_wconf 82' lang='lat' dir='ltr'>eon·</span> 
     </span>
     <span class='ocr_line' id='line_1_55' title="bbox 985 420 1650 462; baseline 0 -10"><span class='ocrx_word' id='word_1_274' title='bbox 985 426 1116 453; x_wconf 86' lang='lat' dir='ltr'>tentum</span> <span class='ocrx_word' id='word_1_275' title='bbox 1133 422 1208 462; x_wconf 86' lang='lat' dir='ltr'>ipse</span> <span class='ocrx_word' id='word_1_276' title='bbox 1224 421 1303 452; x_wconf 88' lang='lat' dir='ltr'>mihi</span> <span class='ocrx_word' id='word_1_277' title='bbox 1320 420 1459 462; x_wconf 82' lang='lat' dir='ltr'>parabo.</span> <span class='ocrx_word' id='word_1_278' title='bbox 1647 434 1650 435; x_wconf 43' lang='lat'><em>⁷</em></span> 
     </span>
    </p>
   </div>
   <div class='ocr_carea' id='block_1_5' title="bbox 984 469 1680 502">
    <p class='ocr_par' dir='ltr' id='par_1_14' title="bbox 984 469 1680 502">
     <span class='ocr_line' id='line_1_56' title="bbox 984 469 1680 502; baseline -0.001 0"><span class='ocrx_word' id='word_1_279' title='bbox 984 472 1103 502; x_wconf 72' lang='lat' dir='ltr'>Erus-r.</span> <span class='ocrx_word' id='word_1_280' title='bbox 1116 479 1193 502; x_wconf 85' lang='lat' dir='ltr'>x1x.</span> <span class='ocrx_word' id='word_1_281' title='bbox 1227 470 1284 502; x_wconf 83' lang='grc' dir='ltr'>Αυ</span> <span class='ocrx_word' id='word_1_282' title='bbox 1296 471 1558 502; x_wconf 60' lang='lat' dir='ltr'>Maccus-rm.</span> <span class='ocrx_word' id='word_1_283' title='bbox 1593 469 1680 502; x_wconf 78' lang='lat' dir='ltr'>Pra-</span> 
     </span>
    </p>
   </div>
   <div class='ocr_carea' id='block_1_6' title="bbox 1028 519 1734 566">
    <p class='ocr_par' dir='ltr' id='par_1_15' title="bbox 1028 519 1734 566">
     <span class='ocr_line' id='line_1_57' title="bbox 1028 519 1734 566; baseline -0.001 -14"><span class='ocrx_word' id='word_1_284' title='bbox 1028 531 1105 552; x_wconf 90' lang='lat' dir='ltr'>vum</span> <span class='ocrx_word' id='word_1_285' title='bbox 1120 521 1329 562; x_wconf 87' lang='lat' dir='ltr'>quorundam</span> <span class='ocrx_word' id='word_1_286' title='bbox 1348 521 1381 552; x_wconf 87' lang='lat' dir='ltr'>in</span> <span class='ocrx_word' id='word_1_287' title='bbox 1402 519 1573 552; x_wconf 83' lang='lat' dir='ltr'>imitandis</span> <span class='ocrx_word' id='word_1_288' title='bbox 1587 519 1682 552; x_wconf 64' lang='lat' dir='ltr'>Poe-¹</span> <span class='ocrx_word' id='word_1_289' title='bbox 1728 561 1734 566; x_wconf 94' lang='lat'>.</span> 
     </span>
    </p>
   </div>
   <div class='ocr_carea' id='block_1_7' title="bbox 982 571 1685 2796">
    <p class='ocr_par' dir='ltr' id='par_1_16' title="bbox 1025 571 1682 960">
     <span class='ocr_line' id='line_1_58' title="bbox 1028 571 1679 613; baseline 0 -10"><span class='ocrx_word' id='word_1_290' title='bbox 1028 577 1137 603; x_wconf 89' lang='lat' dir='ltr'>tarum</span> <span class='ocrx_word' id='word_1_291' title='bbox 1153 572 1242 603; x_wconf 88' lang='lat' dir='ltr'>vitiis</span> <span class='ocrx_word' id='word_1_292' title='bbox 1257 572 1369 612; x_wconf 87' lang='lat' dir='ltr'>potius</span> <span class='ocrx_word' id='word_1_293' title='bbox 1384 581 1484 613; x_wconf 84' lang='lat' dir='ltr'>quam</span> <span class='ocrx_word' id='word_1_294' title='bbox 1495 571 1679 603; x_wconf 84' lang='lat' dir='ltr'>virtutibus</span> 
     </span>
     <span class='ocr_line' id='line_1_59' title="bbox 1025 620 1680 662; baseline 0 -10"><span class='ocrx_word' id='word_1_295' title='bbox 1025 621 1172 653; x_wconf 86' lang='lat' dir='ltr'>studium</span> <span class='ocrx_word' id='word_1_296' title='bbox 1198 621 1431 662; x_wconf 83' lang='lat' dir='ltr'>reprehendit.</span> <span class='ocrx_word' id='word_1_297' title='bbox 1482 620 1680 653; x_wconf 85' lang='lat' dir='ltr'>Imitatores</span> 
     </span>
     <span class='ocr_line' id='line_1_60' title="bbox 1027 674 1680 711; baseline 0 -10"><span class='ocrx_word' id='word_1_298' title='bbox 1027 680 1151 702; x_wconf 83' lang='lat' dir='ltr'>vocans</span> <span class='ocrx_word' id='word_1_299' title='bbox 1179 679 1313 701; x_wconf 87' lang='lat' dir='ltr'>servum</span> <span class='ocrx_word' id='word_1_300' title='bbox 1349 679 1465 711; x_wconf 87' lang='lat' dir='ltr'>pecus,</span> <span class='ocrx_word' id='word_1_301' title='bbox 1494 679 1531 701; x_wconf 83' lang='lat' dir='ltr'>se</span> <span class='ocrx_word' id='word_1_302' title='bbox 1559 674 1680 701; x_wconf 76' lang='lat' dir='ltr'>eontra</span> 
     </span>
     <span class='ocr_line' id='line_1_61' title="bbox 1027 720 1679 762; baseline -0.002 -10"><span class='ocrx_word' id='word_1_303' title='bbox 1027 720 1179 762; x_wconf 86' lang='lat' dir='ltr'>vestigiis</span> <span class='ocrx_word' id='word_1_304' title='bbox 1195 720 1336 751; x_wconf 82' lang='lat' dir='ltr'>aliorum</span> <span class='ocrx_word' id='word_1_305' title='bbox 1351 720 1508 751; x_wconf 83' lang='lat' dir='ltr'>insistere</span> <span class='ocrx_word' id='word_1_306' title='bbox 1529 720 1679 751; x_wconf 83' lang='lat' dir='ltr'>voluisse</span> 
     </span>
     <span class='ocr_line' id='line_1_62' title="bbox 1028 770 1678 811; baseline -0.002 -9"><span class='ocrx_word' id='word_1_307' title='bbox 1028 776 1143 811; x_wconf 80' lang='lat' dir='ltr'>negat.</span> <span class='ocrx_word' id='word_1_308' title='bbox 1188 770 1326 802; x_wconf 87' lang='lat' dir='ltr'>Deinde</span> <span class='ocrx_word' id='word_1_309' title='bbox 1351 770 1517 801; x_wconf 85' lang='lat' dir='ltr'>rationem</span> <span class='ocrx_word' id='word_1_310' title='bbox 1541 770 1678 801; x_wconf 84' lang='lat' dir='ltr'>reddit:</span> 
     </span>
     <span class='ocr_line' id='line_1_63' title="bbox 1028 818 1682 861; baseline -0.002 -10"><span class='ocrx_word' id='word_1_311' title='bbox 1028 829 1090 851; x_wconf 86' lang='lat' dir='ltr'>cur</span> <span class='ocrx_word' id='word_1_312' title='bbox 1112 820 1148 860; x_wconf 91' lang='lat' dir='ltr'>ii,</span> <span class='ocrx_word' id='word_1_313' title='bbox 1170 820 1226 861; x_wconf 88' lang='lat' dir='ltr'>qui</span> <span class='ocrx_word' id='word_1_314' title='bbox 1249 819 1410 851; x_wconf 89' lang='lat' dir='ltr'>librorum</span> <span class='ocrx_word' id='word_1_315' title='bbox 1434 819 1509 860; x_wconf 90' lang='lat' dir='ltr'>ejus</span> <span class='ocrx_word' id='word_1_316' title='bbox 1530 818 1682 850; x_wconf 64' lang='lat' dir='ltr'>lectione&gt;</span> 
     </span>
     <span class='ocr_line' id='line_1_64' title="bbox 1027 868 1680 911; baseline -0.002 -10"><span class='ocrx_word' id='word_1_317' title='bbox 1027 868 1118 901; x_wconf 86' lang='lat' dir='ltr'>domi</span> <span class='ocrx_word' id='word_1_318' title='bbox 1140 870 1396 901; x_wconf 86' lang='lat' dir='ltr'>delectarentur</span> <span class='ocrx_word' id='word_1_319' title='bbox 1415 878 1542 911; x_wconf 87' lang='lat' dir='ltr'>eosque</span> <span class='ocrx_word' id='word_1_320' title='bbox 1562 868 1680 901; x_wconf 83' lang='lat' dir='ltr'>lauda-</span> 
     </span>
     <span class='ocr_line' id='line_1_65' title="bbox 1027 917 1549 960; baseline 0.002 -11"><span class='ocrx_word' id='word_1_321' title='bbox 1027 922 1115 955; x_wconf 87' lang='lat' dir='ltr'>rent,</span> <span class='ocrx_word' id='word_1_322' title='bbox 1128 917 1212 950; x_wconf 83' lang='lat' dir='ltr'>foris</span> <span class='ocrx_word' id='word_1_323' title='bbox 1228 928 1286 950; x_wconf 93' lang='lat' dir='ltr'>eos</span> <span class='ocrx_word' id='word_1_324' title='bbox 1302 918 1549 960; x_wconf 85' lang='lat' dir='ltr'>vituperarent.</span> 
     </span>
    </p>

    <p class='ocr_par' dir='ltr' id='par_1_17' title="bbox 982 968 1683 1794">
     <span class='ocr_line' id='line_1_66' title="bbox 1028 968 1679 1014; baseline -0.002 -14"><span class='ocrx_word' id='word_1_325' title='bbox 1028 972 1046 1000; x_wconf 92' lang='lat' dir='ltr'><strong>l</strong></span> <span class='ocrx_word' id='word_1_326' title='bbox 1070 969 1183 1000; x_wconf 79' lang='lat' dir='ltr'>Prisco</span> <span class='ocrx_word' id='word_1_327' title='bbox 1211 969 1241 1000; x_wconf 78' lang='lat' dir='ltr'>si</span> <span class='ocrx_word' id='word_1_328' title='bbox 1271 969 1387 1010; x_wconf 73' lang='lat' dir='ltr'>credis]</span> <span class='ocrx_word' id='word_1_329' title='bbox 1418 968 1513 1000; x_wconf 88' lang='lat' dir='ltr'>Crat.</span> <span class='ocrx_word' id='word_1_330' title='bbox 1538 968 1679 1014; x_wconf 63' lang='lat' dir='ltr'>IJriscus</span> 
     </span>
     <span class='ocr_line' id='line_1_67' title="bbox 984 1017 1683 1059; baseline 0.001 -11"><span class='ocrx_word' id='word_1_331' title='bbox 984 1017 1095 1049; x_wconf 68' lang='lat' dir='ltr'>Poeta</span> <span class='ocrx_word' id='word_1_332' title='bbox 1125 1018 1271 1058; x_wconf 80' lang='lat' dir='ltr'>priscam</span> <span class='ocrx_word' id='word_1_333' title='bbox 1297 1018 1504 1050; x_wconf 84' lang='lat' dir='ltr'>Comoediam</span> <span class='ocrx_word' id='word_1_334' title='bbox 1530 1018 1683 1059; x_wconf 60' lang='lat' dir='ltr'>scripsit.</span> 
     </span>
     <span class='ocr_line' id='line_1_68' title="bbox 987 1067 1680 1107; baseline 0.003 -10"><span class='ocrx_word' id='word_1_335' title='bbox 987 1067 1133 1107; x_wconf 79' lang='lat' dir='ltr'>Cratino]</span> <span class='ocrx_word' id='word_1_336' title='bbox 1155 1068 1312 1099; x_wconf 85' lang='lat' dir='ltr'>Cratinus</span> <span class='ocrx_word' id='word_1_337' title='bbox 1329 1067 1546 1099; x_wconf 82' lang='lat' dir='ltr'>Atheniensis</span> <span class='ocrx_word' id='word_1_338' title='bbox 1561 1077 1604 1099; x_wconf 86' lang='lat' dir='ltr'>ex</span> <span class='ocrx_word' id='word_1_339' title='bbox 1618 1067 1680 1099; x_wconf 89' lang='lat' dir='ltr'>tri-</span> 
     </span>
     <span class='ocr_line' id='line_1_69' title="bbox 986 1115 1681 1156; baseline 0 -9"><span class='ocrx_word' id='word_1_340' title='bbox 986 1115 1032 1147; x_wconf 90' lang='lat' dir='ltr'>bu</span> <span class='ocrx_word' id='word_1_341' title='bbox 1049 1116 1207 1152; x_wconf 83' lang='lat' dir='ltr'>OEuoide,</span> <span class='ocrx_word' id='word_1_342' title='bbox 1233 1115 1551 1156; x_wconf 60' lang='lat' dir='ltr'>Callimedisfinus,</span> <span class='ocrx_word' id='word_1_343' title='bbox 1563 1115 1681 1147; x_wconf 83' lang='lat' dir='ltr'>floruit</span> 
     </span>
     <span class='ocr_line' id='line_1_70' title="bbox 987 1165 1677 1206; baseline 0 -10"><span class='ocrx_word' id='word_1_344' title='bbox 987 1165 1195 1206; x_wconf 82' lang='lat' dir='ltr'>Olympiade</span> <span class='ocrx_word' id='word_1_345' title='bbox 1210 1174 1339 1197; x_wconf 77' lang='lat' dir='ltr'>nxxxr.</span> <span class='ocrx_word' id='word_1_346' title='bbox 1383 1165 1558 1198; x_wconf 85' lang='lat' dir='ltr'>Cratinum</span> <span class='ocrx_word' id='word_1_347' title='bbox 1573 1170 1613 1197; x_wconf 85' lang='lat' dir='ltr'>ut</span> <span class='ocrx_word' id='word_1_348' title='bbox 1627 1170 1677 1206; x_wconf 79' lang='grc' dir='ltr'>φι-</span> 
     </span>
     <span class='ocr_line' id='line_1_71' title="bbox 984 1210 1679 1255; baseline 0 -9"><span class='ocrx_word' id='word_1_349' title='bbox 984 1213 1126 1253; x_wconf 64' lang='grc' dir='ltr'>λοπότην</span> <span class='ocrx_word' id='word_1_350' title='bbox 1139 1213 1191 1246; x_wconf 74' lang='grc' dir='ltr'>καὶ</span> <span class='ocrx_word' id='word_1_351' title='bbox 1205 1216 1350 1246; x_wconf 72' lang='grc' dir='ltr'>παιδικῶν</span> <span class='ocrx_word' id='word_1_352' title='bbox 1363 1210 1537 1255; x_wconf 55' lang='lat' dir='ltr'>{rra-»mbos</span> <span class='ocrx_word' id='word_1_353' title='bbox 1551 1215 1679 1247; x_wconf 81' lang='lat' dir='ltr'>deseri-</span> 
     </span>
     <span class='ocr_line' id='line_1_72' title="bbox 988 1263 1680 1305; baseline -0.001 -9"><span class='ocrx_word' id='word_1_354' title='bbox 988 1264 1039 1297; x_wconf 88' lang='lat' dir='ltr'>bit</span> <span class='ocrx_word' id='word_1_355' title='bbox 1054 1263 1191 1296; x_wconf 84' lang='lat' dir='ltr'>suidas:</span> <span class='ocrx_word' id='word_1_356' title='bbox 1218 1264 1349 1296; x_wconf 86' lang='lat' dir='ltr'>addunt</span> <span class='ocrx_word' id='word_1_357' title='bbox 1364 1264 1578 1305; x_wconf 85' lang='lat' dir='ltr'>Interpretes</span> <span class='ocrx_word' id='word_1_358' title='bbox 1593 1263 1680 1296; x_wconf 84' lang='lat' dir='ltr'>adeo</span> 
     </span>
     <span class='ocr_line' id='line_1_73' title="bbox 986 1314 1679 1356; baseline 0.001 -10"><span class='ocrx_word' id='word_1_359' title='bbox 986 1315 1208 1346; x_wconf 86' lang='lat' dir='ltr'>temulentum</span> <span class='ocrx_word' id='word_1_360' title='bbox 1237 1324 1330 1356; x_wconf 85' lang='lat' dir='ltr'>saepe</span> <span class='ocrx_word' id='word_1_361' title='bbox 1358 1314 1474 1351; x_wconf 85' lang='lat' dir='ltr'>fuisse,</span> <span class='ocrx_word' id='word_1_362' title='bbox 1503 1320 1542 1347; x_wconf 86' lang='lat' dir='ltr'>ut</span> <span class='ocrx_word' id='word_1_363' title='bbox 1572 1316 1679 1356; x_wconf 84' lang='lat' dir='ltr'>peiles</span> 
     </span>
     <span class='ocr_line' id='line_1_74' title="bbox 984 1363 1679 1405; baseline 0.001 -10"><span class='ocrx_word' id='word_1_364' title='bbox 984 1364 1105 1405; x_wconf 86' lang='lat' dir='ltr'>quibus</span> <span class='ocrx_word' id='word_1_365' title='bbox 1130 1363 1328 1395; x_wconf 87' lang='lat' dir='ltr'>recumbere</span> <span class='ocrx_word' id='word_1_366' title='bbox 1353 1365 1470 1396; x_wconf 83' lang='lat' dir='ltr'>solitus</span> <span class='ocrx_word' id='word_1_367' title='bbox 1493 1370 1580 1403; x_wconf 80' lang='lat' dir='ltr'>erat,</span> <span class='ocrx_word' id='word_1_368' title='bbox 1603 1375 1679 1405; x_wconf 86' lang='lat' dir='ltr'>pas-</span> 
     </span>
     <span class='ocr_line' id='line_1_75' title="bbox 984 1413 1677 1457; baseline 0.006 -14"><span class='ocrx_word' id='word_1_369' title='bbox 984 1414 1045 1444; x_wconf 86' lang='lat' dir='ltr'>sim</span> <span class='ocrx_word' id='word_1_370' title='bbox 1071 1413 1293 1454; x_wconf 85' lang='lat' dir='ltr'>permeieret:</span> <span class='ocrx_word' id='word_1_371' title='bbox 1318 1414 1409 1445; x_wconf 90' lang='lat' dir='ltr'>unde</span> <span class='ocrx_word' id='word_1_372' title='bbox 1428 1419 1506 1447; x_wconf 90' lang='lat' dir='ltr'>suut</span> <span class='ocrx_word' id='word_1_373' title='bbox 1521 1415 1579 1457; x_wconf 87' lang='lat' dir='ltr'>qui</span> <span class='ocrx_word' id='word_1_374' title='bbox 1593 1419 1677 1456; x_wconf 76' lang='grc' dir='ltr'><strong>Κρα-</strong></span> 
     </span>
     <span class='ocr_line' id='line_1_76' title="bbox 982 1463 1680 1506; baseline 0.004 -12"><span class='ocrx_word' id='word_1_375' title='bbox 982 1463 1068 1495; x_wconf 75' lang='grc' dir='ltr'><strong><em>τίνου</em></strong></span> <span class='ocrx_word' id='word_1_376' title='bbox 1082 1463 1191 1495; x_wconf 75' lang='grc' dir='ltr'>κώδιον</span> <span class='ocrx_word' id='word_1_377' title='bbox 1207 1472 1269 1504; x_wconf 87' lang='lat' dir='ltr'>pro</span> <span class='ocrx_word' id='word_1_378' title='bbox 1293 1473 1330 1495; x_wconf 93' lang='lat' dir='ltr'>re</span> <span class='ocrx_word' id='word_1_379' title='bbox 1347 1464 1578 1505; x_wconf 82' lang='lat' dir='ltr'>abjectissima</span> <span class='ocrx_word' id='word_1_380' title='bbox 1601 1475 1680 1506; x_wconf 89' lang='lat' dir='ltr'>pro-</span> 
     </span>
     <span class='ocr_line' id='line_1_77' title="bbox 983 1513 1679 1547; baseline 0.004 -3"><span class='ocrx_word' id='word_1_381' title='bbox 983 1513 1099 1545; x_wconf 85' lang='lat' dir='ltr'>verbio</span> <span class='ocrx_word' id='word_1_382' title='bbox 1132 1513 1341 1545; x_wconf 81' lang='lat' dir='ltr'>celebratum</span> <span class='ocrx_word' id='word_1_383' title='bbox 1374 1513 1482 1546; x_wconf 86' lang='lat' dir='ltr'>fuisse</span> <span class='ocrx_word' id='word_1_384' title='bbox 1515 1514 1679 1547; x_wconf 82' lang='lat' dir='ltr'>scribant.</span> 
     </span>
     <span class='ocr_line' id='line_1_78' title="bbox 983 1563 1678 1603; baseline 0.003 -9"><span class='ocrx_word' id='word_1_385' title='bbox 983 1563 1074 1595; x_wconf 87' lang='lat' dir='ltr'>Sane</span> <span class='ocrx_word' id='word_1_386' title='bbox 1100 1563 1251 1594; x_wconf 84' lang='lat' dir='ltr'>vinosum</span> <span class='ocrx_word' id='word_1_387' title='bbox 1275 1563 1390 1603; x_wconf 77' lang='lat' dir='ltr'>fuisse,</span> <span class='ocrx_word' id='word_1_388' title='bbox 1412 1569 1549 1595; x_wconf 85' lang='lat' dir='ltr'>constat</span> <span class='ocrx_word' id='word_1_389' title='bbox 1574 1565 1678 1596; x_wconf 82' lang='lat' dir='ltr'>etiam</span> 
     </span>
     <span class='ocr_line' id='line_1_79' title="bbox 982 1611 1680 1655; baseline 0.001 -11"><span class='ocrx_word' id='word_1_390' title='bbox 982 1622 1026 1644; x_wconf 88' lang='lat' dir='ltr'>ex</span> <span class='ocrx_word' id='word_1_391' title='bbox 1049 1611 1283 1653; x_wconf 83' lang='lat' dir='ltr'>Aristophanis</span> <span class='ocrx_word' id='word_1_392' title='bbox 1299 1613 1473 1644; x_wconf 81' lang='lat' dir='ltr'>Comoedia</span> <span class='ocrx_word' id='word_1_393' title='bbox 1486 1612 1619 1655; x_wconf 75' lang='grc' dir='ltr'><strong><em>Εἶρήνῃε</em></strong></span> <span class='ocrx_word' id='word_1_394' title='bbox 1643 1619 1680 1646; x_wconf 86' lang='lat' dir='ltr'>et</span> 
     </span>
     <span class='ocr_line' id='line_1_80' title="bbox 983 1662 1678 1695; baseline 0 -2"><span class='ocrx_word' id='word_1_395' title='bbox 983 1662 1197 1694; x_wconf 84' lang='lat' dir='ltr'>nihilomiuus</span> <span class='ocrx_word' id='word_1_396' title='bbox 1222 1662 1265 1694; x_wconf 83' lang='lat' dir='ltr'>ad</span> <span class='ocrx_word' id='word_1_397' title='bbox 1287 1672 1449 1694; x_wconf 81' lang='lat' dir='ltr'>summam</span> <span class='ocrx_word' id='word_1_398' title='bbox 1468 1667 1678 1695; x_wconf 83' lang='lat' dir='ltr'>senectutem</span> 
     </span>
     <span class='ocr_line' id='line_1_81' title="bbox 984 1712 1678 1754; baseline 0 -10"><span class='ocrx_word' id='word_1_399' title='bbox 984 1713 1151 1754; x_wconf 86' lang='lat' dir='ltr'>pervenit.</span> <span class='ocrx_word' id='word_1_400' title='bbox 1174 1712 1271 1744; x_wconf 85' lang='lat' dir='ltr'>testis</span> <span class='ocrx_word' id='word_1_401' title='bbox 1292 1712 1462 1744; x_wconf 82' lang='lat' dir='ltr'>Lucianus</span> <span class='ocrx_word' id='word_1_402' title='bbox 1477 1712 1520 1744; x_wconf 88' lang='lat' dir='ltr'>de</span> <span class='ocrx_word' id='word_1_403' title='bbox 1538 1713 1678 1753; x_wconf 79' lang='lat' dir='ltr'>Longae—</span> 
     </span>
     <span class='ocr_line' id='line_1_82' title="bbox 984 1761 1215 1794; baseline -0.009 -1"><span class='ocrx_word' id='word_1_404' title='bbox 984 1761 1046 1794; x_wconf 73' lang='lat' dir='ltr'>vis.</span> <span class='ocrx_word' id='word_1_405' title='bbox 1070 1762 1215 1793; x_wconf 72' lang='lat' dir='ltr'>Torrent-</span> 
     </span>
    </p>

    <p class='ocr_par' dir='ltr' id='par_1_18' title="bbox 982 1810 1685 2239">
     <span class='ocr_line' id='line_1_83' title="bbox 1026 1810 1679 1852; baseline 0 -10"><span class='ocrx_word' id='word_1_406' title='bbox 1026 1814 1047 1843; x_wconf 82' lang='lat'><strong>2</strong></span> <span class='ocrx_word' id='word_1_407' title='bbox 1071 1811 1171 1842; x_wconf 79' lang='lat' dir='ltr'>Nulla</span> <span class='ocrx_word' id='word_1_408' title='bbox 1193 1811 1312 1851; x_wconf 78' lang='lat' dir='ltr'>placere</span> <span class='ocrx_word' id='word_1_409' title='bbox 1332 1810 1402 1852; x_wconf 72' lang='grc' dir='ltr'><strong>ἀίει]</strong></span> <span class='ocrx_word' id='word_1_410' title='bbox 1423 1810 1568 1843; x_wconf 68' lang='lat' dir='ltr'>Probas-i</span> <span class='ocrx_word' id='word_1_411' title='bbox 1592 1820 1679 1852; x_wconf 82' lang='lat' dir='ltr'>prae·</span> 
     </span>
     <span class='ocr_line' id='line_1_84' title="bbox 983 1860 1680 1901; baseline 0.001 -9"><span class='ocrx_word' id='word_1_412' title='bbox 983 1861 1157 1892; x_wconf 86' lang='lat' dir='ltr'>sentibus:</span> <span class='ocrx_word' id='word_1_413' title='bbox 1183 1860 1250 1892; x_wconf 80' lang='lat' dir='ltr'>Diu</span> <span class='ocrx_word' id='word_1_414' title='bbox 1265 1860 1376 1900; x_wconf 76' lang='lat' dir='ltr'>vivire,</span> <span class='ocrx_word' id='word_1_415' title='bbox 1391 1860 1434 1892; x_wconf 85' lang='lat' dir='ltr'>ad</span> <span class='ocrx_word' id='word_1_416' title='bbox 1450 1864 1605 1901; x_wconf 90' lang='lat' dir='ltr'>posteros</span> <span class='ocrx_word' id='word_1_417' title='bbox 1620 1861 1680 1893; x_wconf 76' lang='lat' dir='ltr'>dn-</span> 
     </span>
     <span class='ocr_line' id='line_1_85' title="bbox 984 1909 1676 1941; baseline 0.001 -2"><span class='ocrx_word' id='word_1_418' title='bbox 984 1918 1069 1940; x_wconf 81' lang='lat' dir='ltr'>rare.</span> <span class='ocrx_word' id='word_1_419' title='bbox 1115 1909 1235 1939; x_wconf 56' lang='lat' dir='ltr'>*Notus</span> <span class='ocrx_word' id='word_1_420' title='bbox 1264 1909 1463 1940; x_wconf 82' lang='lat' dir='ltr'>Graecorum</span> <span class='ocrx_word' id='word_1_421' title='bbox 1493 1909 1676 1941; x_wconf 86' lang='lat' dir='ltr'>Senarius:</span> 
     </span>
     <span class='ocr_line' id='line_1_86' title="bbox 983 1956 1680 2000; baseline 0.004 -13"><span class='ocrx_word' id='word_1_422' title='bbox 983 1957 1049 1988; x_wconf 79' lang='grc' dir='ltr'>Οὐκ</span> <span class='ocrx_word' id='word_1_423' title='bbox 1064 1956 1132 1988; x_wconf 67' lang='grc' dir='ltr'>ἔστι</span> <span class='ocrx_word' id='word_1_424' title='bbox 1151 1956 1332 1997; x_wconf 80' lang='grc' dir='ltr'>διθύραμβος</span> <span class='ocrx_word' id='word_1_425' title='bbox 1345 1957 1383 1988; x_wconf 62' lang='grc' dir='ltr'>ἂν</span> <span class='ocrx_word' id='word_1_426' title='bbox 1403 1957 1481 1998; x_wconf 65' lang='grc' dir='ltr'>ὕδωρ</span> <span class='ocrx_word' id='word_1_427' title='bbox 1494 1957 1587 1989; x_wconf 74' lang='grc' dir='ltr'><strong><em>πίνει·</em></strong></span> <span class='ocrx_word' id='word_1_428' title='bbox 1611 1969 1680 2000; x_wconf 89' lang='lat' dir='ltr'>quo</span> 
     </span>
     <span class='ocr_line' id='line_1_87' title="bbox 983 2005 1678 2049; baseline 0.001 -11"><span class='ocrx_word' id='word_1_429' title='bbox 983 2005 1220 2047; x_wconf 85' lang='lat' dir='ltr'>dithyrambus</span> <span class='ocrx_word' id='word_1_430' title='bbox 1235 2016 1309 2038; x_wconf 86' lang='lat' dir='ltr'>esse</span> <span class='ocrx_word' id='word_1_431' title='bbox 1324 2011 1469 2047; x_wconf 85' lang='lat' dir='ltr'>negatur</span> <span class='ocrx_word' id='word_1_432' title='bbox 1484 2007 1540 2048; x_wconf 90' lang='lat' dir='ltr'>qui</span> <span class='ocrx_word' id='word_1_433' title='bbox 1557 2018 1678 2049; x_wconf 85' lang='lat' dir='ltr'>aquarn</span> 
     </span>
     <span class='ocr_line' id='line_1_88' title="bbox 983 2056 1685 2099; baseline 0.003 -11"><span class='ocrx_word' id='word_1_434' title='bbox 983 2057 1092 2089; x_wconf 86' lang='lat' dir='ltr'>bibit:</span> <span class='ocrx_word' id='word_1_435' title='bbox 1116 2057 1212 2097; x_wconf 90' lang='lat' dir='ltr'>cujus</span> <span class='ocrx_word' id='word_1_436' title='bbox 1234 2056 1293 2097; x_wconf 89' lang='lat' dir='ltr'>qui</span> <span class='ocrx_word' id='word_1_437' title='bbox 1314 2065 1448 2088; x_wconf 86' lang='lat' dir='ltr'>caussas</span> <span class='ocrx_word' id='word_1_438' title='bbox 1472 2067 1685 2099; x_wconf 77' lang='lat' dir='ltr'>cognoscere</span> 
     </span>
     <span class='ocr_line' id='line_1_89' title="bbox 982 2107 1681 2150; baseline 0 -11"><span class='ocrx_word' id='word_1_439' title='bbox 982 2108 1078 2147; x_wconf 87' lang='lat' dir='ltr'>velit,</span> <span class='ocrx_word' id='word_1_440' title='bbox 1105 2107 1326 2138; x_wconf 82' lang='lat' dir='ltr'>Plutarchum</span> <span class='ocrx_word' id='word_1_441' title='bbox 1353 2108 1511 2139; x_wconf 81' lang='lat' dir='ltr'>consulat</span> <span class='ocrx_word' id='word_1_442' title='bbox 1538 2108 1681 2150; x_wconf 87' lang='lat' dir='ltr'>Sympo-</span> 
     </span>
     <span class='ocr_line' id='line_1_90' title="bbox 983 2157 1678 2200; baseline 0.003 -11"><span class='ocrx_word' id='word_1_443' title='bbox 983 2159 1064 2189; x_wconf 78' lang='lat' dir='ltr'>siac.</span> <span class='ocrx_word' id='word_1_444' title='bbox 1090 2166 1156 2189; x_wconf 85' lang='lat' dir='ltr'>vn.</span> <span class='ocrx_word' id='word_1_445' title='bbox 1187 2160 1239 2189; x_wconf 90' lang='grc'>10.</span> <span class='ocrx_word' id='word_1_446' title='bbox 1275 2157 1414 2190; x_wconf 76' lang='lat' dir='ltr'>Tor-rene.</span> <span class='ocrx_word' id='word_1_447' title='bbox 1469 2158 1538 2190; x_wconf 83' lang='lat' dir='ltr'>Nec</span> <span class='ocrx_word' id='word_1_448' title='bbox 1560 2159 1678 2200; x_wconf 75' lang='lat' dir='ltr'>viver-e]</span> 
     </span>
     <span class='ocr_line' id='line_1_91' title="bbox 984 2206 1296 2239; baseline -0.006 0"><span class='ocrx_word' id='word_1_449' title='bbox 984 2208 1060 2239; x_wconf 86' lang='lat' dir='ltr'>Nec</span> <span class='ocrx_word' id='word_1_450' title='bbox 1075 2216 1198 2238; x_wconf 84' lang='lat' dir='ltr'>annosa</span> <span class='ocrx_word' id='word_1_451' title='bbox 1209 2206 1296 2238; x_wconf 84' lang='lat' dir='ltr'>fieri.</span> 
     </span>
    </p>

    <p class='ocr_par' dir='ltr' id='par_1_19' title="bbox 982 2255 1678 2796">
     <span class='ocr_line' id='line_1_92' title="bbox 1025 2255 1678 2298; baseline 0.002 -10"><span class='ocrx_word' id='word_1_452' title='bbox 1025 2259 1044 2288; x_wconf 76' lang='lat'>3</span> <span class='ocrx_word' id='word_1_453' title='bbox 1066 2256 1168 2298; x_wconf 75' lang='lat' dir='ltr'>Aquoe</span> <span class='ocrx_word' id='word_1_454' title='bbox 1191 2255 1364 2297; x_wconf 72' lang='lat' dir='ltr'>potoribus]</span> <span class='ocrx_word' id='word_1_455' title='bbox 1387 2257 1513 2289; x_wconf 87' lang='lat' dir='ltr'>Vinum</span> <span class='ocrx_word' id='word_1_456' title='bbox 1534 2267 1600 2289; x_wconf 89' lang='lat' dir='ltr'>non</span> <span class='ocrx_word' id='word_1_457' title='bbox 1629 2257 1678 2290; x_wconf 90' lang='lat' dir='ltr'>bi-</span> 
     </span>
     <span class='ocr_line' id='line_1_93' title="bbox 982 2306 1678 2349; baseline 0 -10"><span class='ocrx_word' id='word_1_458' title='bbox 982 2307 1149 2339; x_wconf 86' lang='lat' dir='ltr'>bentibus.</span> <span class='ocrx_word' id='word_1_459' title='bbox 1208 2307 1255 2338; x_wconf 81' lang='lat' dir='ltr'>Ut</span> <span class='ocrx_word' id='word_1_460' title='bbox 1282 2307 1361 2338; x_wconf 73' lang='lat' dir='ltr'>male</span> <span class='ocrx_word' id='word_1_461' title='bbox 1385 2317 1476 2338; x_wconf 70' lang='lat' dir='ltr'>muros</span> <span class='ocrx_word' id='word_1_462' title='bbox 1498 2306 1678 2349; x_wconf 70' lang='lat' dir='ltr'>Adseripeit</span> 
     </span>
     <span class='ocr_line' id='line_1_94' title="bbox 982 2356 1677 2398; baseline 0 -10"><span class='ocrx_word' id='word_1_463' title='bbox 982 2357 1077 2389; x_wconf 80' lang='lat' dir='ltr'>Liber</span> <span class='ocrx_word' id='word_1_464' title='bbox 1099 2356 1224 2398; x_wconf 75' lang='lat' dir='ltr'>Satyris</span> <span class='ocrx_word' id='word_1_465' title='bbox 1243 2357 1416 2397; x_wconf 76' lang='lat' dir='ltr'>Faunisque</span> <span class='ocrx_word' id='word_1_466' title='bbox 1430 2357 1562 2398; x_wconf 60' lang='lat' dir='ltr'><strong>1²0&amp;th</strong></span> <span class='ocrx_word' id='word_1_467' title='bbox 1585 2357 1677 2390; x_wconf 82' lang='lat' dir='ltr'>Quo-</span> 
     </span>
     <span class='ocr_line' id='line_1_95' title="bbox 982 2405 1677 2447; baseline -0.004 -8"><span class='ocrx_word' id='word_1_468' title='bbox 982 2407 1081 2439; x_wconf 90' lang='lat' dir='ltr'>modo</span> <span class='ocrx_word' id='word_1_469' title='bbox 1097 2407 1201 2438; x_wconf 88' lang='lat' dir='ltr'>Liber</span> <span class='ocrx_word' id='word_1_470' title='bbox 1213 2407 1346 2447; x_wconf 82' lang='lat' dir='ltr'>Satyris</span> <span class='ocrx_word' id='word_1_471' title='bbox 1361 2410 1398 2438; x_wconf 86' lang='lat' dir='ltr'>et</span> <span class='ocrx_word' id='word_1_472' title='bbox 1413 2405 1537 2437; x_wconf 84' lang='lat' dir='ltr'>Faunis</span> <span class='ocrx_word' id='word_1_473' title='bbox 1551 2405 1677 2438; x_wconf 71' lang='lat' dir='ltr'>Poetas</span> 
     </span>
     <span class='ocr_line' id='line_1_96' title="bbox 983 2455 1678 2498; baseline -0.001 -9"><span class='ocrx_word' id='word_1_474' title='bbox 983 2456 1180 2498; x_wconf 76' lang='lat' dir='ltr'>asscripsit?</span> <span class='ocrx_word' id='word_1_475' title='bbox 1224 2455 1327 2497; x_wconf 87' lang='lat' dir='ltr'>Apud</span> <span class='ocrx_word' id='word_1_476' title='bbox 1348 2455 1491 2487; x_wconf 80' lang='lat' dir='ltr'>Graecos</span> <span class='ocrx_word' id='word_1_477' title='bbox 1514 2456 1678 2498; x_wconf 80' lang='lat' dir='ltr'>antiquis·</span> 
     </span>
     <span class='ocr_line' id='line_1_97' title="bbox 984 2505 1677 2547; baseline 0 -9"><span class='ocrx_word' id='word_1_478' title='bbox 984 2508 1102 2539; x_wconf 87' lang='lat' dir='ltr'>simum</span> <span class='ocrx_word' id='word_1_479' title='bbox 1119 2505 1244 2538; x_wconf 69' lang='lat' dir='ltr'>Poema</span> <span class='ocrx_word' id='word_1_480' title='bbox 1261 2510 1342 2537; x_wconf 89' lang='lat' dir='ltr'>sunt</span> <span class='ocrx_word' id='word_1_481' title='bbox 1355 2506 1483 2547; x_wconf 86' lang='lat' dir='ltr'>Satyri.</span> <span class='ocrx_word' id='word_1_482' title='bbox 1528 2506 1596 2538; x_wconf 84' lang='lat' dir='ltr'>Eos</span> <span class='ocrx_word' id='word_1_483' title='bbox 1610 2516 1677 2538; x_wconf 91' lang='lat' dir='ltr'>non</span> 
     </span>
     <span class='ocr_line' id='line_1_98' title="bbox 983 2555 1677 2592; baseline 0 -4"><span class='ocrx_word' id='word_1_484' title='bbox 983 2556 1179 2588; x_wconf 82' lang='lat' dir='ltr'>scribebant</span> <span class='ocrx_word' id='word_1_485' title='bbox 1209 2559 1342 2587; x_wconf 81' lang='lat' dir='ltr'>tantum</span> <span class='ocrx_word' id='word_1_486' title='bbox 1379 2560 1512 2587; x_wconf 82' lang='lat' dir='ltr'>veteres</span> <span class='ocrx_word' id='word_1_487' title='bbox 1543 2555 1677 2592; x_wconf 63' lang='lat' dir='ltr'>Poste.</span> 
     </span>
     <span class='ocr_line' id='line_1_99' title="bbox 982 2604 1676 2646; baseline 0 -8"><span class='ocrx_word' id='word_1_488' title='bbox 982 2607 1041 2638; x_wconf 87' lang='lat' dir='ltr'>sed</span> <span class='ocrx_word' id='word_1_489' title='bbox 1058 2611 1092 2638; x_wconf 84' lang='lat' dir='ltr'>et</span> <span class='ocrx_word' id='word_1_490' title='bbox 1107 2606 1265 2646; x_wconf 80' lang='lat' dir='ltr'>agebant.</span> <span class='ocrx_word' id='word_1_491' title='bbox 1309 2604 1366 2637; x_wconf 90' lang='lat' dir='ltr'>Ita</span> <span class='ocrx_word' id='word_1_492' title='bbox 1386 2614 1462 2636; x_wconf 91' lang='lat' dir='ltr'>cum</span> <span class='ocrx_word' id='word_1_493' title='bbox 1477 2605 1609 2645; x_wconf 80' lang='lat' dir='ltr'>Satyris</span> <span class='ocrx_word' id='word_1_494' title='bbox 1622 2615 1676 2638; x_wconf 82' lang='lat' dir='ltr'>er-</span> 
     </span>
     <span class='ocr_line' id='line_1_100' title="bbox 983 2654 1677 2696; baseline -0.001 -8"><span class='ocrx_word' id='word_1_495' title='bbox 983 2657 1103 2688; x_wconf 79' lang='lat' dir='ltr'>rabant</span> <span class='ocrx_word' id='word_1_496' title='bbox 1124 2664 1185 2696; x_wconf 87' lang='lat' dir='ltr'>per</span> <span class='ocrx_word' id='word_1_497' title='bbox 1201 2655 1353 2693; x_wconf 81' lang='lat' dir='ltr'>theatra3</span> <span class='ocrx_word' id='word_1_498' title='bbox 1375 2654 1494 2686; x_wconf 85' lang='lat' dir='ltr'>habitu</span> <span class='ocrx_word' id='word_1_499' title='bbox 1509 2663 1624 2687; x_wconf 80' lang='lat' dir='ltr'>eornm</span> <span class='ocrx_word' id='word_1_500' title='bbox 1638 2658 1677 2687; x_wconf 86' lang='lat' dir='ltr'>et</span> 
     </span>
     <span class='ocr_line' id='line_1_101' title="bbox 984 2703 1676 2749; baseline -0.001 -11"><span class='ocrx_word' id='word_1_501' title='bbox 984 2715 1140 2749; x_wconf 85' lang='lat' dir='ltr'>persona.</span> <span class='ocrx_word' id='word_1_502' title='bbox 1172 2703 1270 2735; x_wconf 89' lang='lat' dir='ltr'>Vidit</span> <span class='ocrx_word' id='word_1_503' title='bbox 1284 2703 1389 2744; x_wconf 82' lang='lat' dir='ltr'>igitur</span> <span class='ocrx_word' id='word_1_504' title='bbox 1401 2703 1562 2735; x_wconf 88' lang='lat' dir='ltr'>Cratinus</span> <span class='ocrx_word' id='word_1_505' title='bbox 1577 2705 1676 2745; x_wconf 77' lang='lat' dir='ltr'>saty-</span> 
     </span>
     <span class='ocr_line' id='line_1_102' title="bbox 985 2753 1674 2796; baseline -0.006 -7"><span class='ocrx_word' id='word_1_506' title='bbox 985 2767 1040 2790; x_wconf 79' lang='lat' dir='ltr'>ros</span> <span class='ocrx_word' id='word_1_507' title='bbox 1064 2761 1100 2788; x_wconf 89' lang='lat' dir='ltr'>et</span> <span class='ocrx_word' id='word_1_508' title='bbox 1123 2755 1273 2787; x_wconf 87' lang='lat' dir='ltr'>imitatus</span> <span class='ocrx_word' id='word_1_509' title='bbox 1299 2758 1372 2787; x_wconf 85' lang='lat' dir='ltr'>est:</span> <span class='ocrx_word' id='word_1_510' title='bbox 1403 2762 1546 2796; x_wconf 82' lang='lat' dir='ltr'>quaeque</span> <span class='ocrx_word' id='word_1_511' title='bbox 1567 2754 1609 2786; x_wconf 79' lang='lat' dir='ltr'>ab</span> <span class='ocrx_word' id='word_1_512' title='bbox 1632 2753 1674 2785; x_wconf 84' lang='lat' dir='ltr'>iis</span> 
     </span>
    </p>
   </div>
  </div>
 </body>
</html>
