1858 3184
226 201 339 244 1882

224 305 357 346 peritus
368 305 435 345 sit3
452 306 512 338 sed
528 306 681 338 omnium·
693 306 854 348 partium,
870 312 920 339 at-

222 365 290 396 que
315 365 357 386 ex
384 356 433 387 liis
453 356 559 388 totins
583 357 698 398 operis
723 357 922 389 absolvendi

223 413 365 444 gnarum
381 415 455 438 esse
471 411 644 447 oportere.
671 407 771 440 Hauc
786 413 924 440 senten·

224 455 307 486 tiam
323 455 477 488 declarat
493 456 624 488 duobus
646 458 811 499 exemplis
834 459 923 489 simi-

223 505 335 538 libus:
375 507 485 538 altero
508 515 603 548 vero,
633 508 810 548 cujusdam
834 509 921 540 fabri

226 556 371 588 Romani
386 567 394 585 :
418 557 527 588 altero
541 556 636 596 ficto,
650 567 720 589 suae
733 559 839 599 ipsius
854 559 922 591 for·

223 615 300 637 mae.
326 606 481 637 Piscator.
535 607 699 639 AErm‘tiam
707 609 791 641 circa
800 610 922 650 ludum]

223 656 388 686 AEmilium
424 655 514 688 dixit
554 667 615 698 pro
646 658 656 675 ‘
682 658 921 698 AEmilianum‚'

224 707 363 747 proprio
380 716 442 748 pro
465 708 657 748 possessivo
677 718 768 742 usus.
818 710 919 743 Quod

224 762 339 788 autem
373 767 478 798 supra
509 765 719 800 praeceptum
749 760 859 800 dedit,
885 760 921 792 id

223 815 314 838 nuuc
330 808 497 848 exemplis
512 807 637 841 firmat.
659 810 768 841 Nann.
798 810 924 842 AEmils'-

221 866 275 887 um
295 856 395 898 circu]
418 858 519 889 Circa
546 859 714 891 AEmilium
734 859 865 896 ludum,
886 860 921 892 id

222 911 290 946 est,
305 907 413 939 locum
430 908 669 951 gladiatorum,
688 919 709 941 a
732 910 771 942 L.
788 910 922 943 AEmilio

222 956 271 988 sic
286 958 506 990 nominatum.
549 959 654 991 Faber
672 960 768 1001 imus]
790 959 831 992 In
854 961 922 993 imo

222 1005 392 1038 habitans.
436 1008 506 1040 Alii
532 1018 653 1040 nomen
677 1011 853 1050 proprium
873 1010 923 1042 fa-

222 1057 330 1088 ciunt.
355 1058 514 1090 Nunnius.
559 1058 665 1090 Faber
684 1059 781 1099 ituus]
811 1060 923 1092 Faber

223 1107 423 1147 statuarius,
435 1108 533 1148 cujus
550 1108 696 1140 taberna
706 1114 759 1141 est
773 1110 921 1143 omnium

221 1155 350 1188 infima.
892 1164 895 1165 ’

265 1208 306 1238 33
325 1207 510 1248 Exprimet]
528 1207 816 1249 Repraesentabit.
837 1212 921 1243 Tra-

220 1256 306 1286 latio
321 1265 340 1286 a
355 1258 495 1288 cerariis
511 1258 626 1296 ducta,
641 1260 700 1300 qui
715 1260 749 1291 in
766 1270 847 1292 cera
861 1271 921 1293 ex·

223 1306 385 1347 primunt,
408 1308 498 1349 quod
528 1309 562 1340 in
584 1319 718 1349 gemma
738 1312 922 1352 scalptum.

226 1356 386 1388 Nunnius.
445 1359 626 1400 Exprimet]
650 1360 821 1392 Quasdam
847 1371 922 1393 cor-

223 1406 316 1447 poris
347 1407 531 1448 particulas
562 1410 645 1440 satis
675 1410 762 1442 scite
789 1411 822 1442 in
853 1421 921 1444 aere

224 1458 407 1498 exprimet.
452 1459 636 1491 Imitabitur
656 1460 732 1501 oere]
756 1461 921 1502 Intelligit

221 1506 357 1539 fabrum
393 1509 573 1549 quemdam
610 1511 824 1552 statuarium,
862 1512 919 1553 qui

222 1560 297 1588 arte
318 1566 378 1588 sua
401 1557 483 1589 nihil
511 1563 638 1598 praeter
662 1560 802 1599 capillos
825 1566 919 1593 recte

222 1606 450 1647 exprimebat.
491 1609 638 1641 Turneb.
654 1618 751 1642 xxu.
774 1613 805 1642 1.
829 1612 919 1643 Nan-

221 1664 304 1687 ntus.

265 1708 306 1736 34
330 1706 452 1745 Infelix
475 1707 578 1747 operis
600 1708 735 1749 sumina]
759 1708 863 1741 Rudis
884 1715 922 1742 et

222 1756 402 1797 imperitus
417 1758 452 1789 in
469 1762 544 1789 toto
558 1768 664 1800 opere
688 1768 922 1791 consumman-

222 1807 279 1839 do.
326 1808 403 1840 Hoc
418 1810 578 1850 exemplo
593 1809 706 1845 docet,
723 1810 806 1842 nihil
823 1820 924 1852 opor-

224 1862 301 1888 tere
317 1857 435 1889 deesse
451 1859 584 1891 Poetae.
597 1861 754 1892 Nunnius.
781 1861 923 1901 Summa,

221 1906 312 1947 quia]
335 1906 377 1937 Iu
392 1917 521 1939 summa
536 1913 573 1940 et
585 1909 797 1949 perfectione
808 1911 923 1951 operis

223 1955 355 1988 infelix.
401 1958 486 1992 Quia
503 1968 615 1998 ponere
629 1960 744 2000 totum]
760 1960 923 1993 Graecum

221 2004 336 2037 τιθέναι
368 2008 547 2048 expressit.
582 2010 740 2042 Nunnius.
800 2011 922 2043 Ponere

225 2055 341 2095 totum]
356 2056 480 2088 Totum
496 2056 614 2090 facere
631 2060 683 2090 vel
700 2058 872 2092 fabricari.

266 2109 307 2137 35
331 2105 427 2137 Hunc
453 2116 511 2146 ego
534 2108 598 2149 me]
630 2109 746 2140 Talem
767 2119 821 2142 me
844 2121 921 2143 esse

221 2157 438 2199 scriptorem,
452 2167 578 2200 nempe
602 2159 635 2191 in
663 2166 761 2201 parte
788 2166 921 2194 tantum

224 2207 372 2248 probari,
397 2207 433 2239 in
455 2209 596 2250 reliquis
621 2210 776 2250 partibus
803 2221 920 2253 repre-

221 2259 338 2291 hendi.
385 2259 589 2300 Componere]
611 2261 848 2295 Conscribere.

265 2310 309 2340 36
339 2309 416 2340 Non
444 2309 544 2349 magia
568 2319 633 2342 esse
657 2311 763 2352 velim]
791 2312 834 2344 Id
856 2317 921 2355 est,

224 2363 294 2390 tam
318 2358 420 2390 nolim
450 2368 538 2396 esse,
568 2369 669 2401 quam
699 2361 827 2402 vivere,
853 2365 919 2395 &c-

223 2410 328 2440 Praro
352 2409 455 2441 vivere
482 2419 568 2451 naso,
581 2411 666 2452 Arm]
700 2411 857 2445 Distorto
886 2418 923 2445 et

225 2459 371 2491 deformi
386 2469 479 2492 naso.

265 2512 307 2541 37
318 2509 542 2551 Spectandum]
557 2510 798 2551 Spectabilem.
811 2514 926 2554 Nigris

225 2561 321 2591 oculis
335 2561 486 2602 nigroque
500 2561 628 2603 capillo]
650 2562 708 2594 Sic
729 2572 756 2595 1.
780 2563 848 2596 Od.
868 2566 922 2597 32.

222 2611 233 2627 ⁴
248 2609 392 2650 Semper
406 2611 593 2643 haerentem
609 2621 749 2652 puerum
765 2613 922 2655 canebat,

225 2660 272 2691 Et
309 2659 438 2699 Lycum
475 2661 578 2701 nigris
614 2662 721 2694 oculis
759 2663 921 2705 nigroque

227 2709 328 2740 Crine
343 2708 528 2742 decorum.'
574 2711 792 2753 Praeceptum
808 2717 922 2744 autem

227 2760 290 2791 lioc
304 2758 423 2791 Poe‘tae
437 2758 698 2799 ingeniosissimi
725 2761 808 2794 nihil
831 2763 921 2795 aliud

687 215 829 246 NOTAE
862 215 1127 247 VARIORUM
1162 215 1215 247 m

975 308 1140 349 suggerit,
1162 318 1263 350 quam
1289 308 1443 341 diffusam
1458 314 1532 343 tuto
1545 311 1578 344 in
1594 320 1669 346 cor*

975 367 1059 399 pore
1087 358 1254 399 poematis
1280 364 1490 392 venustatem
1515 370 1590 393 esse
1611 363 1671 395 de-

976 409 1070 441 bere.
1113 409 1206 442 Quid
1223 410 1312 441 enim
1329 409 1435 443 refert
1458 420 1527 443 una
1548 412 1592 444 re
1610 416 1672 445 e'x·

976 459 1114 499 cellere,
1141 460 1176 490 in
1201 462 1309 491 altera
1327 461 1490 501 serpere?
1513 461 1671 494 Nunnius.

977 508 1095 548 Nigris
1117 508 1228 549 oculis]
1253 509 1353 549 Nigri
1379 509 1470 541 oculi
1495 510 1575 542 olim
1601 509 1673 543 for·

975 567 1062 590 mam
1078 559 1374 592 commendabant.
1706 556 1713 561 ’

1017 612 1059 640 38
1081 609 1202 640 Sumite
1213 610 1393 651 materiam]
1405 609 1570 643 Quintum
1584 619 1671 651 prae⁶

974 664 1112 700 ceptum
1125 671 1133 689 ι
1149 660 1248 692 Quod
1257 660 1424 691 scribendi
1436 664 1671 701 argumentum

974 710 1096 751 cuique
1112 709 1328 749 deligendum
1343 710 1410 741 sit:
1429 719 1550 750 nempe
1566 710 1601 741 id
1616 710 1671 742 cui

974 759 1096 791 dextre
1122 759 1302 792 tractando
1322 769 1359 791 se
1383 759 1534 792 confidat
1553 769 1671 801 parem

974 808 1060 842 fore.
1104 809 1182 841 Hoc
1199 815 1409 851 praeceptum
1425 809 1604 841 confirmat
1627 809 1672 841 ab

975 861 1099 894 effectu
1124 862 1267 902 duplici,
1293 860 1452 893 facundia
1475 861 1610 892 scilicet
1633 865 1672 892 et

975 913 1105 944 ordine.
1147 911 1334 944 ‘Materia'
1356 910 1514 942 nimirum
1538 917 1592 942 est
1617 919 1671 942 res

975 962 1009 993 in
1035 972 1102 1004 qua
1123 961 1304 994 tractanda
1319 961 1467 1002 scriptor
1482 965 1672 1001 occupatur

975 1016 1079 1053 atque
1094 1017 1286 1043 exercetur.
1310 1011 1468 1042 Piscator.
1512 1011 1577 1047 Qus*
1593 1007 1672 1042 scri-

974 1060 1065 1103 bitis]
1085 1061 1155 1095 Qui
1183 1061 1398 1101 componitis.
1451 1060 1551 1091 More
1573 1061 1671 1092 Grae-

975 1119 1092 1142 corum
1114 1110 1205 1152 apud
1221 1119 1306 1150 quos
1322 1108 1525 1150 συγγραφεὺς
1537 1110 1673 1151 scriptor

975 1164 1011 1191 et
1024 1163 1144 1191 auctor.
1171 1159 1340 1191 Nan'nius.
1384 1160 1536 1201 AEqumn]
1559 1160 1672 1192 Mate·

974 1211 1057 1242 riam
1074 1210 1200 1242 viribus
1217 1219 1347 1251 parem.

1016 1263 1059 1292 39
1086 1261 1215 1293 Versate
1228 1260 1298 1301 diu]
1322 1259 1525 1301 Metaphora
1539 1270 1559 1292 a
1574 1260 1672 1302 baju-

975 1310 1030 1351 lis,
1042 1311 1100 1352 qui
1113 1316 1293 1351 antequam
1308 1319 1392 1341 onus
1406 1310 1553 1342 humeris
1567 1311 1673 1342 susci-

976 1361 1086 1401 piant,
1105 1361 1197 1402 prius
1219 1360 1303 1391 illud
1320 1365 1457 1391 versant
1469 1360 1618 1392 brachiis
1633 1366 1671 1394 et

975 1409 1113 1445 librant,
1143 1415 1181 1440 ut
1210 1409 1282 1449 ejus
1311 1408 1443 1449 pondus
1477 1409 1670 1450 explorent.

974 1460 1132 1491 Piscator.
1181 1459 1308 1491 Ver-sate
1330 1459 1401 1500 diu]
1422 1459 1580 1501 Cogitate
1597 1460 1667 1493 din.

976 1509 1061 1545 Quid
1075 1510 1166 1548 serre
1190 1508 1347 1549 recusent]
1381 1509 1473 1543 Quid
1500 1510 1670 1542 sustinere

972 1567 1039 1591 non
1058 1559 1200 1600 possint.

1015 1611 1060 1641 40
1084 1611 1145 1641 Cui
1164 1611 1243 1642 lecta
1259 1613 1402 1651 potenter
1425 1610 1488 1642 erit
1512 1620 1573 1647 res,
1595 1609 1668 1651 ζα]

976 1658 1040 1690 Cui
1075 1659 1247 1691 scribendi
1269 1661 1412 1692 materia
1442 1661 1508 1692 erit
1535 1661 1672 1692 delecta

976 1713 1148 1749 potenter,
1157 1709 1191 1740 id
1201 1714 1265 1749 est,
1278 1710 1464 1742 secundnm
1474 1709 1670 1744 facultatem

975 1758 1103 1800 ingenii
1118 1760 1181 1791 sni.
1193 1760 1275 1792 κατὰ
1288 1759 1424 1800 δύναμιν.

1018 1812 1059 1840 41
1082 1809 1219 1841 Lucidius
1231 1810 1323 1851 ordo]
1345 1809 1556 1851 Perspicuus
1575 1809 1673 1844 ordo.

1017 1861 1060 1890 42
1077 1859 1207 1890 Ordinis
1221 1859 1287 1891 hoec
1299 1858 1416 1900 virtus]
1430 1860 1572 1892 Sextum
1587 1871 1674 1901 prae·

977 1914 1115 1949 ceptum
1143 1908 1186 1939 de
1209 1908 1395 1940 methodo:
1419 1914 1458 1940 ut
1480 1910 1614 1942 scilicet
1638 1910 1674 1943 iu

978 1958 1133 1999 partibus
1150 1956 1317 1998 potimatis
1331 1957 1551 1998 disponendis
1569 1964 1673 2001 atque

978 2008 1081 2039 etiam
1098 2007 1296 2047 deligendis,
1306 2007 1455 2048 prudens
1470 2009 1603 2050 crypsis
1612 2010 1671 2042 ad-

977 2058 1148 2089 hibeatur.
1194 2058 1315 2099 Neque
1340 2057 1430 2090 enim
1448 2059 1569 2092 seriem
1586 2065 1674 2093 tem·

976 2108 1081 2149 poris,
1105 2117 1174 2149 qua
1195 2117 1341 2149 queque
1366 2114 1463 2150 gesta
1478 2119 1673 2151 proponun-

977 2162 1045 2196 tur,
1060 2167 1121 2198 per
1136 2157 1246 2188 omnia
1266 2158 1361 2199 sequi
1377 2158 1484 2191 debet
1497 2160 1620 2202 Poeta,
1633 2166 1673 2195 ut

975 2207 1179 2240 historicus:
1208 2206 1270 2239 sed
1293 2217 1432 2248 operam
1458 2208 1553 2248 dare,
1582 2215 1622 2243 ut
1651 2221 1673 2243 a

976 2257 1096 2299 grandi
1111 2257 1224 2299 aliqua
1238 2261 1274 2288 et
1287 2258 1423 2289 maximi
1439 2260 1603 2292 momenti
1622 2270 1672 2301 re,

974 2308 1194 2349 auspicetur;
1230 2308 1286 2339 cui
1318 2309 1443 2341 deinde
1471 2311 1671 2344 emissarum

974 2359 1071 2391 initio
1087 2369 1198 2391 rerum
1214 2359 1362 2391 nan-auo
1378 2360 1412 2391 in
1435 2361 1511 2393 loco
1529 2361 1672 2402 inserta,

975 2415 1085 2442 totum
1099 2415 1334 2451 argumentum
1353 2411 1516 2452 explicet.
1549 2412 1672 2453 Vin-m}

978 2460 1155 2493 Perfectio
1170 2463 1229 2491 se'u
1246 2461 1457 2500 praestantia.
1478 2460 1517 2492 τὸ
1527 2459 1572 2492 εὖ.
1598 2462 1672 2494 Pis-

976 2515 1075 2543 cator.
1123 2509 1255 2542 Ordinis
1268 2510 1348 2553 hac]
1370 2510 1512 2543 Ordinis
1532 2511 1674 2544 artifici-

976 2562 1038 2592 alis
1060 2562 1134 2593 haec
1150 2565 1203 2592 est
1218 2561 1427 2601 praestantis.
1473 2561 1588 2602 Vesus,
1602 2561 1672 2603 ζα]

975 2611 1159 2647 Venustus,
1183 2609 1346 2650 σεμνότης.
1390 2612 1457 2643 Aac
1479 2621 1536 2651 ego
1553 2611 1671 2653 fallor]

974 2660 1016 2692 Id
1038 2661 1180 2702 subjicit
1208 2670 1250 2692 ne
1271 2661 1428 2693 videatur
1452 2670 1584 2693 sumere
1605 2661 1671 2694 sibi

975 2720 1153 2742 censuram
1169 2710 1305 2753 Critici,
1313 2715 1351 2744 et
1361 2716 1399 2743 ut
1414 2711 1523 2744 oratio
1535 2711 1580 2744 sit
1587 2710 1669 2744 ml·

976 2763 1049 2796 lior.
1073 2761 1228 2793 Nunnius.
