1858 3184
461 256 672 288 HORA'rn
709 253 1071 291 nrisToLARuM
1095 257 1189 289 ms.
1223 260 1252 290 1.
1282 252 1325 290 7.

162 359 229 382 non
255 350 324 382 vita
338 359 435 391 vaga.
478 350 525 382 Et
547 348 632 380 Lare
652 346 752 386 cereo]
775 346 860 377 Cru-

164 401 262 440 quius
286 400 462 441 legendum
485 401 597 440 putat,
618 400 650 428 el
678 396 760 428 Lare
789 405 860 426 cur-

161 454 218 488 to‚·
241 460 318 482 nam
341 448 559 492 pauperiores
580 447 615 478 in
638 446 786 488 pergulis
801 445 857 478 ha-

162 499 330 540 bitabant,
342 503 380 531 ut
394 504 430 531 et
444 497 655 530 meretrices.
699 497 785 529 Lare
795 506 859 529 cer-

161 554 204 586 to,
218 550 290 591 ξω]
313 549 393 582 Non
409 548 457 581 ita
480 552 518 580 ut
533 548 613 579 ille:
637 552 646 566 ⁸
661 548 788 580 Scurra
802 556 858 579 va·

162 609 238 640 gns,
258 598 317 641 qui
341 608 408 630 non
430 602 560 630 certum
581 606 738 640 prasepe
761 601 858 629 tene-

161 652 239 681 ret.’
262 649 417 681 Tamne.-

203 702 246 731 69
266 698 382 730 Datim
417 696 557 737 negotia]
599 695 686 727 Post
721 696 857 737 negotia

159 747 327 780 confecta.
351 746 483 788 Campo]
505 747 634 788 Campo
645 747 856 787 Martio,nbi

159 792 356 839 valetudinis
371 803 472 829 caiisa
482 807 606 838 corpus
622 797 818 830 exercebat.

198 850 241 879 60
263 847 382 879 Scituri
394 847 482 888 ticet]
504 846 618 879 Verba
632 853 711 880 sunt
724 847 855 888 Philip-

198 949 239 992 ⁰¹.
266 948 417 989 Credere]
438 947 621 981 credebat.

197 1000 240 1029 02
277 998 411 1040 Mirari]
448 998 653 1031 Mirabatur.
697 998 856 1038 Benigne,

158 1047 351 1089 Respondet]
372 1049 498 1080 Sensus
516 1054 655 1090 apertus
670 1051 706 1080 et
721 1047 830 1080 facilis
845 1058 854 1079 :

157 1106 260 1138 quare
276 1097 440 1130 Lambino
455 1099 487 1130 in
505 1099 620 1139 priore
636 1098 788 1130 editione
804 1108 855 1130 as-

158 1149 296 1182 sentior.
342 1149 453 1181 Aliter
485 1154 600 1182 tamen
633 1151 790 1184 Muretus
819 1154 856 1182 et

157 1198 332 1230 Turnebus
343 1209 374 1231 v.
387 1202 440 1231 18.
457 1205 492 1230 et
507 1209 588 1231 sane
598 1199 699 1231 nolim
715 1205 855 1231 conten-

157 1248 264 1280 tiosus
291 1258 378 1280 esse.
408 1249 506 1281 Quod
526 1259 608 1281 vero
627 1249 792 1290 seqnitur,
806 1259 857 1281 ne-

153 1301 212 1336 gat
228 1298 282 1330 ille
298 1298 386 1338 mihi,
401 1298 584 1331 artificiose
608 1299 788 1331 admodum
804 1299 856 1330 di-

157 1347 238 1378 vitis
260 1356 280 1378 a
297 1356 447 1388 paupere
463 1347 627 1379 contemti
647 1352 781 1388 gestum
797 1357 855 1378 ex·

155 1396 294 1437 primit;
318 1396 369 1428 uti
406 1401 443 1428 et
471 1396 608 1432 servuli,
637 1397 720 1428 bero
755 1396 854 1428 obse·

153 1447 300 1488 quentis,
311 1451 405 1487 negat
421 1447 588 1488 improbus.
610 1447 767 1480 Torrent.
789 1447 854 1480 Be·

153 1495 264 1536 aigne]
285 1497 422 1529 Gratias
437 1497 508 1538 agit
524 1497 584 1528 tibi
601 1497 768 1538 ingentes.

194 1548 236 1578 63
260 1546 369 1586 Negat
395 1546 464 1587 ille]
485 1547 600 1579 Verba
626 1551 705 1579 sunt
724 1547 854 1589 Philip·

153 1595 201 1636 pi.
246 1596 352 1636 Negat
362 1596 530 1637 improbus}
543 1597 671 1637 Negat
687 1597 854 1638 improbe,

153 1646 263 1687 inquit
277 1642 484 1678 Demetrius.

194 1697 238 1728 6⁴
261 1695 424 1737 Negligit]
448 1697 497 1728 Te
513 1705 578 1728 non
594 1700 772 1737 cnrat,aut
786 1695 854 1728 for·

155 1745 274 1777 midat.

194 1798 236 1826 65
262 1795 413 1827 Tunicam
438 1799 543 1827 scruta
566 1796 700 1836 popello]
738 1795 855 1834 Digna

155 1851 284 1878 emtore
313 1855 430 1877 merx:
465 1855 532 1876 non
562 1849 740 1876 contentus
765 1844 854 1875 enim

153 1900 163 1913 ⁴
183 1893 374 1936 popellum'
400 1894 541 1933 dixisse,
568 1893 665 1924 addit
688 1894 704 1919 r‘
722 1893 854 1924 tunica-

154 1943 252 1983 tum‚’
274 1948 313 1974 nt
338 1941 462 1974 infimae
478 1941 590 1982 plebis
604 1940 726 1972 faecem
750 1941 853 1982 signi-

152 1993 258 2026 ficet:
290 1991 364 2024 sine
389 1995 470 2032 toga
501 1991 590 2023 enim
619 1991 852 2035 honestiorem

152 2043 297 2085 aliquem
313 2041 347 2073 in
365 2041 536 2082 publicum
558 2041 694 2081 prodire
711 2041 852 2082 probro-

153 2102 224 2123 snm
244 2095 328 2123 erat.
373 2090 490 2122 Senta
511 2099 590 2122 vero
616 2100 692 2131 quae
715 2091 785 2122 sint
807 2101 851 2122 ex

152 2141 286 2173 Lucilio
311 2139 482 2180 discimus,
510 2139 601 2181 apud
628 2140 777 2172 Gellium
795 2150 853 2173 ιιι.

153 2193 205 2224 14.
242 2191 318 2223 cum
356 2189 560 2231 proverbiali
596 2190 769 2222 schemate
801 2192 852 2223 sic

152 2241 258 2273 dixit:
284 2241 293 2259 ⁸
306 2241 374 2274 Qui
399 2240 456 2271 ni?
478 2244 514 2271 et
533 2245 649 2272 scruta
663 2239 799 2282 quidem
815 2246 852 2272 et

153 2290 280 2326 vendat
286 2289 616 2330 scrutariu8,1audat
626 2289 851 2322 Praefractam

152 2340 330 2381 strigilem,
357 2340 466 2371 oleam
496 2339 669 2381 improbus
694 2339 852 2371 dimidia-

152 2389 250 2424 tam!
289 2389 406 2420 Serum
426 2388 532 2428 igitur
548 2388 639 2420 idem
656 2388 745 2430 quod
768 2389 778 2405 ‘
791 2388 850 2420 fri-

153 2438 255 2470 vola’.
275 2439 363 2479 apud
384 2437 542 2470 Juvenal.
564 2438 639 2469 Sat.
655 2446 711 2469 ιιι.
735 2438 745 2455 ⁴
761 2439 850 2469 Dum

153 2486 275 2518 frivola
290 2486 476 2519 transfert?
519 2487 564 2518 Et
587 2487 710 2518 iterum
724 2486 797 2518 Sat.
813 2496 850 2518 v.

890 1347 1033 1378 *aditum
1051 1347 1195 1380 custode
1209 1347 1368 1390 sepulto!
1393 1349 1483 1380 Tor-r.

1498 250 1635 306 1795,

910 355 977 386 que
992 348 1194 389 conjunxit:
1221 350 1345 382 ‘Nunc
1373 351 1525 392 quaedam
1550 353 1613 386 fri-¹

910 396 996 432 vola,
1019 407 1109 430 nunc
1128 398 1208 431 ludo
1225 406 1305 441 apta
1322 399 1475 440 virgineo
1491 409 1608 434 scruta

908 445 1081 479 donabat-¹
1126 449 1219 481 Hinc
1246 459 1348 491 porro
1372 451 1382 468 ⁶
1398 452 1608 490 scrutarius:

907 497 1094 539 eademque
1121 499 1253 531 ratione
1278 499 1516 534 ‘frivolarins'
1539 502 1608 533 dici

907 551 1034 588 posset.
1079 548 1185 581 Plura
1199 550 1325 582 Caelius
1344 559 1381 582 x.
1398 553 1450 583 56.
1470 555 1507 583 et
1521 552 1606 583 'l'u‘r-

906 596 983 628 neb.
1000 606 1036 628 v.
1053 600 1105 630 18.
1150 599 1323 641 Quidquid
1348 601 1406 642 sit,
1430 601 1508 643 qnia
1523 602 1607 633 Vul-

906 647 1011 679 teiurn
1036 657 1228 689 praeconem
1258 651 1359 691 paulo
1386 656 1465 683 ante
1494 651 1605 691 fecit3

905 707 973 729 non
1000 702 1069 730 tam
1092 700 1296 731 scrutariam
1313 700 1420 732 fnisse
1436 702 1607 743 existimo,

905 757 1006 790 quam
1022 749 1190 790 praeconis
1205 760 1346 791 operam
1370 751 1515 790 locasse,
1529 763 1606 784 cum

906 799 1107 840 praeteriens
1128 800 1309 842 Philippus
1324 810 1399 832 eum
1415 801 1457 833 ad
1474 811 1605 834 coenam

903 849 1095 882 invitabat:
1138 850 1230 883 unde
1266 851 1534 892 interpretamur
1571 853 1606 884 id

905 900 996 941 quod
1010 900 1177 941 sequitur.
1191 902 1381 933 mercenaria
1395 901 1508 933 vincla.
1522 903 1606 934 Tor-

905 955 991 982 rent.
1036 950 1328 992 ScrutaJMerces
1351 952 1447 984 viles.
1492 953 1605 993 Popel-

904 998 949 1039 lo]
993 999 1210 1042 Plebeculae,
1243 1002 1382 1043 tunicis,
1419 1012 1486 1034 non
1522 1004 1612 1045 togis-

904 1050 1028 1082 utenti.

947 1101 989 1131 06
1014 1101 1167 1142 Occupat]
1201 1101 1257 1132 De
1277 1101 1341 1132 hoc
1358 1101 1523 1133 vocabulo
1539 1110 1607 1132 non

905 1149 993 1180 male
1020 1150 1176 1181 Nonius:
1201 1149 1371 1190 significat
1387 1155 1500 1182 antem
1518 1160 1607 1191 prae-

906 1199 1032 1239 venire,
1062 1200 1264 1240 praecipere‚
1292 1205 1522 1240 antevertere,
1550 1211 1608 1241 ag-

905 1249 1001 1289 gredi
1025 1259 1160 1290 qnoque
1175 1255 1210 1282 et
1225 1249 1394 1281 detinere.
1438 1250 1606 1290 Virgilius

905 1307 1041 1339 quoqne
1057 1298 1188 1329 AEneid.
1208 1307 1260 1330 vl.
1283 1297 1465 1337 ‘Occupat
1482 1299 1605 1331 AEneas

1544 1350 1607 1381 Oc-

903 1396 1011 1437 cupat]
1035 1397 1243 1431 Antevertit.

946 1449 987 1478 67
1011 1447 1188 1488 Excusare]
1227 1448 1437 1481 Excusabat.
1482 1450 1605 1482 Merce-

902 1493 994 1528 naria
1004 1495 1123 1536 vincla]
1158 1497 1417 1540 Occupationes
1432 1508 1605 1531 mercena-

903 1555 982 1579 rias.

946 1599 989 1628 69
1005 1597 1217 1639 Prwidisset]
1234 1598 1291 1631 Sic
1306 1609 1452 1641 namque
1466 1599 1605 1631 Terent.

903 1645 1014 1679 Andr.
1041 1648 1180 1680 ‘Herus
1211 1654 1275 1689 est,
1305 1659 1415 1690 neque
1445 1650 1604 1691 provide-

904 1695 1000 1728 ram.’
1037 1698 1188 1730 Excusat
1205 1704 1319 1730 autem
1335 1699 1448 1730 Maena
1461 1699 1551 1739 qnod
1567 1708 1604 1729 se

904 1746 1064 1786 occupari
1090 1747 1303 1786 permiserat.
1346 1747 1532 1777 Lambinus
1556 1748 1604 1779 le-

903 1793 955 1832 git
973 1795 1165 1832 procisisset.
1188 1795 1346 1827 Torreat.
1389 1795 1603 1836 Providisset]

904 1842 996 1874 Ante
1015 1843 1167 1875 vidisset.
1211 1843 1269 1875 Sic
1288 1843 1459 1884 ignovisse]
1490 1845 1604 1877 Verba

903 1895 982 1922 sunt
997 1891 1161 1932 Philippi.

943 1942 987 1971 ‘1⁰
1007 1940 1060 1977 ,Ut
1073 1940 1164 1981 libet]
1199 1941 1254 1973 Sit
1273 1941 1335 1978 ita,
1358 1942 1469 1984 inquit
1485 1943 1603 1977 Mena.

901 1988 1005 2030 Ergo]
1022 1989 1110 2021 Post
1123 1990 1240 2022 horam
1254 1999 1388 2028 nonam,
1401 1992 1510 2034 inquit
1521 1994 1602 2025 Phi-

900 2040 1026 2080 lippus,
1055 2039 1184 2079 venies,
1215 2041 1250 2071 id
1278 2045 1344 2081 est,
1372 2041 1479 2074 tribus
1507 2043 1602 2075 horis

902 2094 983 2120 ante
997 2089 1077 2121 solis
1091 2099 1261 2122 occasum.
1297 2090 1443 2123 Quando
1462 2092 1602 2125 Romani

902 2148 921 2170 e
938 2138 1067 2170 balneis
1084 2140 1214 2180 egressi
1230 2140 1342 2172 eibum
1358 2141 1558 2182 capiebant.

944 2190 983 2219 71
1007 2188 1100 2219 Nunc
1117 2189 1151 2220 i.-
1173 2199 1239 2220 rem
1258 2192 1402 2221 strenuus
1425 2191 1523 2232 auge]
1559 2192 1601 2223 Id

901 2241 968 2277 est,
998 2242 1136 2269 strenue
1163 2249 1233 2270 rem
1261 2249 1358 2280 auge.
1411 2240 1475 2272 Vel
1502 2242 1536 2272 in
1564 2251 1601 2272 re

901 2287 1056 2328 augenda
1071 2293 1247 2319 strenuum
1264 2296 1298 2320 te
1313 2289 1468 2321 ostende.
1490 2291 1601 2331 θερμὴ,

901 2334 982 2367 Rem
996 2340 1142 2368 strenuus
1163 2338 1259 2378 auge]
1291 2338 1377 2369 Rem
1399 2337 1600 2370 familiarem

901 2395 1001 2426 auge.

919 2453 921 2456 .
943 2438 986 2467 ⁷2
1016 2437 1062 2469 Ut
1075 2437 1215 2477 centum]
1241 2437 1438 2477 Postquam.
1483 2437 1601 2469 Dicen-

899 2486 951 2525 da,
967 2487 1114 2527 tacenda]
1130 2487 1224 2524 Ῥητὰ
1237 2486 1287 2517 καὶ
1299 2485 1536 2526 aphri-offundo
1546 2498 1600 2520 ne·

153 2537 164 2554 ⁸
182 2537 403 2569 Romanorum
430 2536 541 2567 omnia
561 2546 676 2576 regum
691 2536 854 2570 Frivola).
889 2536 1017 2574 fanda;
1039 2538 1093 2568 cui
1110 2537 1260 2569 concinit
1282 2537 1346 2567 hoc
1371 2535 1601 2577 proverbium,

155 2583 340 2624 Perlepide
366 2584 456 2615 enim
482 2584 530 2616 sic
555 2591 708 2616 veterum
733 2595 849 2627 regum

153 2633 401 2675 supellectilem
428 2634 599 2674 appellat:
624 2635 744 2667 Festus
767 2646 849 2678 quo-

154 2692 219 2724 que
246 2692 325 2714 vasa
347 2681 464 2713 fictilia
490 2692 613 2724 quassa
636 2685 774 2726 proprie
800 2686 850 2718 ait

155 2730 345 2772 significare
358 2730 390 2762 id
404 2731 621 2764 vocabulum:
638 2739 675 2765 et
689 2735 766 2767 ideo
781 2745 849 2766 non

155 2781 240 2812 male
256 2779 412 2812 Sidonius
438 2780 546 2821 Epist.
563 2781 622 2814 lib.
637 2792 704 2817 vu.
720 2789 849 2816 utrum-

897 2586 1093 2627 ‘Quicquid
1123 2586 1157 2615 in
1189 2585 1329 2616 buccam
1358 2586 1495 2618 venit:'
1523 2587 1597 2619 haec

898 2640 1012 2666 antem
1036 2634 1235 2674 accipienda
1258 2638 1335 2666 sunt
1357 2635 1392 2667 in
1416 2646 1492 2668 eum
1520 2646 1596 2668 sen-

899 2692 985 2723 sum,
1010 2682 1167 2714 nimirum
1182 2683 1356 2716 Volteium
1371 2695 1433 2717 sua
1459 2688 1598 2726 negotia

898 2731 1150 2765 inconsiderate
1166 2731 1366 2766 effutivisse.
1402 2736 1547 2767 Turneb.
1562 2746 1597 2767 v.

900 2784 953 2814 13.
980 2783 1075 2823 Cruq.
1120 2782 1264 2816 Dicenda
1290 2784 1435 2825 tacenda]
1470 2785 1597 2817 Libere
