1858 3184
494 242 701 278 HORA't'u
734 243 798 274 ΒΕ
828 241 963 289 Alt'rss
993 243 1198 274 PORthA
1232 243 1328 274 Lm.

194 334 372 376 ignoratio.
783 350 787 353 >

238 387 303 415 ³09
323 383 487 415 Scribe-di
504 387 598 423 rate,
615 392 724 424 sapere
738 383 800 424 est]
821 383 882 414 Se·

196 433 311 474 qnitur
333 434 405 473 jam
430 433 638 465 continuatio
663 441 772 464 xxm.
793 441 882 473 prc-

196 483 308 523 cepti:
332 483 422 524 quod
436 488 502 522 est,
512 483 711 524 sapientiam
726 492 787 514 seu
802 491 882 522 eog-

194 532 360 564 nitionem
386 541 497 564 rerum
520 531 640 563 Poetae
667 536 748 563 ante
770 531 884 562 omnia

194 582 429 614 necessariam.
472 581 550 614 Hoc
578 586 788 622 preceptum
817 580 883 621 pri·

193 640 284 663 mum
298 631 452 664 declarat
464 632 676 672 expositione
687 639 798 662 cause
810 629 881 662 effi-

193 679 330 720 cientis,
343 680 432 712 unde
444 680 576 711 scilicet
597 689 710 711 rernm
730 678 881 720 cognitio

193 729 345 770 petenda
364 729 420 761 sit.
462 728 595 760 Deinde
617 728 705 761 idem
727 739 880 771 praecep·

192 783 266 811 tu-
285 779 431 811 illastrat
446 778 697 816 distributione,
711 780 784 811 sive
798 789 881 812 enn-

190 828 376 861 meratiouo
386 829 576 869 specierum
589 839 599 859 ε
612 831 879 862 enumeratenim

190 877 319 920 aliquot
345 877 532 910 officiorum
567 879 711 919 species,
738 888 879 919 quornm

191 927 340 968 cognitio
359 937 380 959 e
406 927 500 959 libris
527 928 805 970 Philosophorum
821 939 880 970 pe-

190 977 296 1010 tenda
307 977 364 1010 sit.
387 978 543 1010 Piscator.
587 978 706 1019 Sapere
717 979 779 1020 ese]
799 979 879 1011 Phi-

190 1027 364 1069 losophum
376 1037 463 1066 esse,
478 1038 544 1060 non
558 1028 722 1060 insanum.

231 1079 296 1108 81⁰
319 1078 399 1109 Reus
425 1078 485 1109 tibi
512 1078 695 1119 Socratica]
725 1079 819 1120 Rem,
845 1080 879 1112 id

192 1131 260 1165 est,
273 1137 384 1159 rerum
400 1128 544 1167 copiam,
558 1138 633 1170 quae
648 1138 690 1160 ex
705 1139 778 1170 usu,
792 1131 880 1171 peri—

192 1176 255 1216 tia,
267 1181 371 1217 atque
385 1177 601 1218 Philosophia
614 1179 754 1219 petitur.
790 1180 880 1212 Nam

190 1227 201 1243 ‘
214 1226 331 1258 verba’
351 1236 393 1258 ex
407 1232 481 1258 arte
494 1227 724 1261 Grammatico
736 1239 777 1261 ac
791 1230 882 1262 Rhe-

192 1275 303 1308 torica
330 1277 489 1316 petimus.
516 1277 672 1310 Nauius.
716 1280 796 1311 Re-
822 1279 891 1313 tibi

191 1325 374 1365 m]
408 1326 604 1366 Materiam,
632 1334 879 1368 argumentum.

194 1374 337 1415 aava]
359 1374 639 1416 Philosophorum
666 1378 798 1419 scripta
824 1381 879 1412 vel

190 1423 267 1456 lihri
282 1434 303 1456 a
315 1425 465 1456 Socratis
478 1425 652 1467 discipulis
663 1428 794 1468 scripti.

230 1476 294 1506 311
335 1474 489 1516 Verbaque
515 1477 673 1517 prosim
696 1479 779 1520 rea]
809 1479 878 1512 Ubi

187 1524 482 1558 ‘.rss’constirerit
493 1527 603 1559 animo
618 1527 789 1570 fueritque
799 1539 879 1562 con-

188 1572 345 1615 formata,
370 1576 459 1608 ultro
481 1583 660 1610 occurrent
686 1579 790 1610 serbo.
820 1580 879 1612 Ita

190 1624 279 1656 enim
304 1625 397 1657 verba
422 1626 477 1658 hic
502 1629 707 1667 generaliter
734 1630 878 1670 accipio,

189 1682 254 1714 pet·
280 1684 354 1715 quae
382 1685 491 1706 sermo
518 1678 691 1709 universus
719 1680 879 1710 nectitur.

190 1724 349 1756 Nauius.
395 1725 553 1765 Verbaque
560 1728 729 1766 provisam,
739 1728 811 1768 ξω]
834 1730 879 1759 Ε-

187 1774 342 1815 loqu-tio
355 1780 577 1815 propat-atam
590 1776 817 1807 inventionem
834 1778 881 1807 ul-

189 1827 247 1854 tro
258 1825 430 1864 sequitur:
452 1833 562 1855 rerum
584 1825 671 1855 euim
694 1826 794 1866 eopia
808 1835 880 1857 ver-

190 1872 308 1904 borum
323 1873 455 1913 copiam
470 1873 593 1914 gignit.
614 1874 687 1905 Cic.
699 1875 742 1906 de
756 1874 857 1906 Orat.

231 1923 297 1955 812
319 1923 642 1964 Qdaieicuptria]
663 1925 779 1956 Docet
788 1934 879 1956 nunc

189 1981 242 2010 ca,
252 1981 330 2014 qa·
343 1973 433 2004 omni
448 1973 480 2004 iu
492 1981 531 2004 re
541 1973 674 2005 valeant
684 1973 877 2014 plurimum,

189 2021 310 2055 eadem
337 2022 373 2053 iu
401 2022 559 2063 poiimate
587 2032 722 2064 quoque
750 2023 874 2054 valere.

188 2071 312 2114 Neque
335 2073 426 2104 enim
450 2082 625 2113 possumus
642 2072 802 2104 exhihere
826 2073 875 2104 af-

188 2120 300 2154 festus
321 2122 495 2164 cujusque,
516 2122 582 2153 nisi
600 2124 791 2154 noverimus
804 2132 874 2154 om·

187 2172 245 2217 qh
256 2172 446 2204 discrimina
466 2176 503 2204 et
524 2171 636 2204 officia
653 2172 874 2213 singulorum,

186 2224 236 2255 nt
249 2222 308 2263 qni
326 2221 467 2254 affectus
491 2223 598 2263 patris
619 2223 654 2254 in
667 2222 784 2263 filium,
798 2232 873 2263 qnae

188 2272 314 2304 caritas
344 2272 486 2304 liliorum
516 2273 550 2303 iu
585 2277 755 2313 parentes,
792 2273 873 2314 quid

189 2322 342 2362 cognatis
358 2322 552 2361 debeamus,
575 2322 656 2363 quid
680 2323 816 2363 patriae,
838 2329 875 2355 et

189 2373 335 2415 reliquis.
377 2373 464 2405 Haec
478 2374 535 2414 qui
552 2374 699 2414 ignorat,
718 2383 784 2404 non
801 2379 874 2407 tue-

190 2425 246 2453 tur
257 2421 402 2454 officium
413 2423 543 2454 Poete-
587 2423 710 2453 Patria
730 2423 803 2463 qaid
821 2425 875 2455 de-

190 2469 276 2509 Beal]
293 2471 441 2503 Multum
469 2471 587 2512 patriae
617 2471 775 2511 debetur,
800 2482 874 2513 quae

190 2523 228 2551 et
241 2519 314 2559 ipsa
326 2529 441 2551 omnes
452 2521 613 2551 caritates
624 2521 875 2561 complectitur,

189 2572 361 2610 parentes,
386 2568 520 2604 liberos,
554 2567 706 2600 fortunas
739 2579 872 2603 omnes:

190 2627 259 2660 qua
284 2619 376 2650 salva
403 2619 488 2650 salvi
515 2618 633 2650 itidem
660 2623 785 2662 sumus,
808 2632 874 2664 qua

189 2677 310 2700 eversa
336 2668 530 2700 evertimur.
573 2669 686 2702 Quare
716 2675 753 2702 et
786 2671 874 2703 iuter

189 2727 333 2750 summas
342 2718 524 2750 felicitates
532 2723 686 2750 numerat
693 2720 788 2761 Virg.
799 2721 873 2752 AEu.

189 2777 217 2802 ι.
230 2777 293 2810 pro
307 2769 419 2810 patria
438 2768 650 2810 occumbere,
670 2769 760 2811 apud
775 2779 873 2812 quem

1511 233 1623 274 1909

932 333 982 364 sie
1009 330 1158 363 Encas:
1190 334 1202 351 ⁴
1221 333 1255 364 0
1284 337 1405 373 terque
1433 338 1622 374 quaterque

929 381 1036 421 beati,
1050 380 1156 414 eneis
1181 386 1262 413 ante
1287 390 1348 412 ora
1363 385 1495 422 patrum
1509 382 1622 422 Trojae

931 430 992 463 suh
1018 430 1184 462 monibus
1218 430 1297 462 altis
1325 429 1477 471 Contigit
1516 439 1623 471 oppe-

930 479 1028 513 tere.'
1069 480 1116 512 Et
1130 479 1276 520 ipsemet
1291 480 1326 511 in
1336 478 1423 512 Odis
1437 479 1620 511 Horatius:

931 530 1066 562 ‘Dulce
1097 534 1135 561 et
1162 529 1323 561 decorum
1349 534 1404 561 est
1427 538 1490 570 pro
1512 530 1624 570 patria

930 579 1038 612 mori?
1051 579 1208 611 Nunnius.
1252 579 1377 610 Pan-te
1398 580 1473 620 qaid
1497 579 1622 620 debeat]

931 629 999 663 Qui
1024 629 1092 661 scit
1114 629 1148 660 in
1165 629 1352 661 tribuendis
1366 628 1487 661 officiis
1509 629 1622 661 delec-

933 684 1002 711 tum
1031 679 1159 711 habere
1187 688 1420 720 personarum,
1446 680 1624 720 cognoscit

929 729 987 761 ille
1002 729 1083 771 quid
1098 729 1233 770 deceat,
1255 733 1372 769 estque
1390 729 1539 769 optimus
1554 729 1624 760 Po·

929 785 997 811 el!-

971 831 1034 860 314
1058 829 1149 865 Quod
1162 829 1207 860 sit
1220 828 1402 870 conscripti]
1423 828 1621 861 Senatoris:

930 878 1044 910 Livius
1069 879 1128 911 lib.
1154 887 1179 911 1.
1206 878 1310 910 tradit
1335 879 1512 910 Romulum
1529 879 1625 910 iusti·

929 929 1034 960 tuisse
1050 935 1176 960 coetum
1186 929 1398 967 Senatorum,
1410 938 1493 969 quos
1508 929 1624 961 Patres

929 978 1126 1018 appellavit,
1140 978 1191 1009 sel
1207 987 1227 1009 a
1246 987 1341 1018 cura,
1358 978 1410 1009 vel
1426 976 1550 1018 officio,
1562 987 1624 1010 seu

930 1026 972 1058 ab
1002 1032 1115 1059 etate.
1159 1027 1205 1059 Et
1229 1027 1313 1059 dicti
1342 1027 1478 1068 qnidam
1501 1036 1545 1059 ex
1571 1028 1623 1059 his

928 1078 938 1094 ‘
952 1077 1075 1108 Patres
1089 1078 1255 1119 majorum
1266 1077 1445 1118 gentium,’
1458 1082 1624 1119 erantque

931 1135 1069 1158 numero
1084 1133 1234 1158 centum.
1270 1127 1409 1167 Adjecit
1422 1129 1487 1159 illis
1504 1134 1624 1168 postea

928 1176 1127 1217 Tarquinius
1142 1177 1330 1208 centuriam
1353 1177 1550 1217 secundam,
1564 1187 1623 1209 no·

930 1225 1139 1267 minuitque
1158 1227 1169 1243 ⁴
1183 1226 1307 1257 Patres
1326 1227 1491 1258 minorum
1514 1227 1624 1268 genti-

929 1274 1009 1306 um!
1050 1276 1180 1316 Ejectis
1204 1285 1284 1308 vcro
1307 1276 1510 1317 Tarquiniis,
1536 1276 1623 1307 Bru-

930 1330 984 1356 tus
1018 1326 1115 1357 auxit
1140 1325 1184 1357 ad
1212 1334 1389 1356 numerum
1420 1325 1623 1357 trecentesi-

928 1383 1018 1406 mum
1031 1385 1041 1406 ε
1055 1378 1092 1406 et
1105 1384 1191 1416 quos
1207 1380 1278 1406 tum
1294 1374 1470 1414 allegerat,
1485 1374 1623 1406 vocavit

928 1427 938 1442 ⁸
951 1423 1194 1465 Comcriptos.'
1236 1424 1321 1455 Post
1350 1429 1442 1456 totns
1476 1424 1621 1456 Senato-

926 1483 999 1505 rum
1014 1473 1113 1506 Ordo
1124 1474 1135 1492 ‘
1146 1474 1269 1505 Patres
1290 1474 1491 1515 conscripti'
1504 1475 1623 1515 appel·

926 1525 1027 1556 latus.
1043 1525 1195 1557 Nessi-s.
1230 1525 1422 1566 Conci-ipat]
1436 1525 1624 1557 Senatoris.

968 1578 1033 1607 816
1056 1575 1278 1606 Conveniet&
1289 1574 1415 1616 cuique]
1434 1574 1480 1606 Τὰ
1489 1574 1620 1616 τρέπον-

926 1637 979 1660 τα,
993 1625 1131 1657 deeora.

970 1677 1033 1706 31⁷
1057 1675 1220 1715 Respicere
1246 1674 1417 1714 exemplar]
1452 1674 1530 1705 Hoc
1556 1678 1623 1712 est,

929 1724 1084 1764 peritiam
1101 1730 1137 1755 et
1153 1733 1260 1754 usum.
1291 1723 1389 1762 Vieoe]
1402 1724 1528 1754 Eorum
1544 1733 1621 1764 qnoe

930 1773 964 1803 iu
977 1773 1150 1804 hominum·
1161 1774 1230 1804 vita
1241 1778 1329 1804 sunt.
1353 1773 1507 1804 Nunnius.
1551 1773 1621 1804 Ex-

929 1824 1048 1862 emptor
1072 1822 1162 1863 υἱέα]
1196 1822 1313 1856 Ideam
1342 1832 1403 1854 seu
1431 1821 1621 1863 perfectam

930 1873 1077 1912 speciem
1093 1873 1171 1903 vitm
1186 1873 1350 1903 humane.

970 1924 1036 1953 818
1055 1922 1192 1955 Dedan
1216 1920 1421 1961 fiunem]
1451 1920 1528 1953 Hoc
1555 1926 1621 1961 est,

928 1969 1084 2002 Poetam.
1127 1970 1216 2002 Nam
1232 1979 1288 2001 res
1302 1970 1448 2002 Poe‘tica
1462 1970 1554 2002 aliud
1569 1972 1621 2002 ni-

926 2019 973 2051 hil
987 2025 1040 2052 est
1054 2030 1154 2061 quam
1168 2020 1326 2053 imitatio.
1368 2021 1484 2062 thue
1504 2021 1621 2061 pictor

925 2068 1078 2101 imitatur
1090 2069 1314 2110 lineamenta,
1322 2079 1434 2111 noque
1447 2079 1549 2102 novas
1563 2079 1619 2102 res

926 2118 1052 2159 adfert,
1080 2119 1140 2151 sed
1170 2124 1395 2160 repraesentat
1414 2129 1458 2151 ea
1481 2130 1557 2161 quae
1583 2121 1619 2151 in

925 2180 1037 2202 rernm
1065 2176 1145 2203 sunt
1173 2177 1317 2211 natura;
1346 2173 1396 2204 ita
1420 2172 1533 2204 Poeta
1552 2181 1619 2212 res,

924 2229 1048 2257 mores,
1087 2221 1227 2262 ingenia
1266 2221 1413 2253 omnium
1452 2221 1618 2253 imitatur.

925 2271 1078 2303 Nauius.
1120 2272 1257 2303 Doctum
1272 2271 1476 2311 intitularem]
1496 2271 1618 2302 Erudi-

926 2327 997 2353 tum
1008 2327 1043 2353 et
1059 2323 1261 2362 prudentem
1276 2322 1433 2352 Poetam.
1467 2321 1512 2351 Et
1526 2330 1618 2351 ceras

924 2372 1132 2413 kinedumae]
1170 2373 1214 2404 Et
1235 2372 1327 2411 hinc,
1349 2370 1383 2401 id
1406 2374 1468 2410 est,
1489 2379 1531 2400 ex
1547 2369 1618 2400 rita

924 2423 1120 2464 quotidiana
1146 2428 1183 2454 et
1206 2422 1354 2454 moribus
1373 2421 1543 2452 hominum
1558 2429 1615 2452 ve·

923 2481 977 2503 ras
991 2482 1092 2504 voces
1104 2473 1239 2504 elicere.
1289 2471 1400 2511 Verus]
1422 2470 1618 2502 Naturales.

924 2522 1012 2553 Nam
1034 2531 1133 2552 nemo
1155 2526 1249 2551 recte
1263 2520 1395 2558 scribit,
1407 2519 1470 2550 nisi
1486 2520 1615 2551 animos

923 2570 1092 2601 hominum
1118 2569 1360 2609 exploraverit.
1392 2569 1503 2600 Nemo
1516 2569 1615 2601 novit

924 2618 1091 2660 quomodo
1101 2617 1339 2657 exprimendus
1351 2617 1463 2658 regins
1471 2618 1612 2658 animus,

923 2668 985 2698 nisi
1006 2667 1063 2708 qui
1079 2667 1114 2697 in
1133 2667 1210 2698 aula
1223 2671 1376 2699 versatus
1390 2667 1454 2707 sit3
1470 2668 1524 2699 vel
1539 2678 1611 2699 rus-

923 2718 1012 2748 ticus
1038 2725 1105 2757 qua
1125 2716 1257 2750 ratione
1275 2715 1461 2759 fingendus,
1473 2717 1537 2749 nisi
1553 2717 1610 2760 qui

924 2766 1005 2799 ruri.
1028 2766 1184 2799 Nunnius.
