1858 3184
226 787 231 791 ³
290 749 428 780 involvi.

291 197 404 241 1842

290 302 393 342 igitur
407 311 427 332 a
441 310 478 333 re
487 302 646 333 venerea
656 301 699 334 ad
711 302 937 334 evolutionem
951 302 990 333 li-

289 351 344 383 bri
359 351 535 383 translatio
551 357 617 390 est,
634 362 673 383 ac
695 357 864 393 perpetua
893 362 987 394 quae·

289 399 368 432 dam
398 399 582 441 Allegoria.
627 401 682 433 Ab
709 411 750 433 ea
780 411 862 433 vero
887 411 987 443 quam

289 449 363 481 dixi
378 450 557 481 evolvendi
569 460 609 482 ac
621 451 845 492 complicandi
858 452 990 483 ratione

289 499 422 531 dictum
437 500 447 518 ‘
460 499 691 532 breviarium!
714 500 872 532 Videnda
887 502 988 532 etiam

289 558 367 589 quoe
383 549 418 579 in
434 548 671 580 Hermathena
686 555 784 581 notat
799 550 842 581 de
859 551 989 582 ratione

278 597 604 642 ‚complicandorum
648 599 851 630 voluminum
888 600 988 632 Joan.

290 646 478 686 Gotropius
493 647 661 678 Becanus.
679 648 823 680 Tor-rent.
847 649 887 679 In
902 649 990 680 brete

290 700 320 727 te
341 695 429 736 cog-i]
453 697 751 737 Complicari,&c.
775 699 809 729 in
833 699 989 730 manibus

489 749 593 784 Quum
611 750 733 789 plenus,
761 750 832 790 ξω]
877 749 989 782 Quum

289 798 399 829 lector
417 798 465 829 tui
493 797 631 829 videndi
654 803 757 829 antea
772 798 931 838 cupidus,
945 798 990 829 sit

289 847 469 887 languidus
485 852 521 878 et
538 847 681 888 legendo
696 847 862 878 defessus.

332 900 353 928 9
377 897 469 932 Quod
481 897 600 938 si,&c.]
614 898 651 928 Si
663 907 728 938 ego
744 897 820 939 (qni
833 897 894 928 tibi
910 906 989 937 pec-

289 946 396 985 canti,
425 951 463 978 ut
490 956 608 987 augur,
637 946 752 978 futura
776 944 992 987 proenuncio)

288 1005 357 1027 non
383 996 516 1037 desipio
539 997 618 1027 odio
643 997 692 1027 tui
714 997 795 1027 mihi
816 996 904 1028 bene
920 1005 990 1027 mo·

259 1044 261 1046 ’
289 1045 387 1077 nenti
401 1055 469 1076 non
486 1046 652 1085 parentis,
663 1047 729 1076 &c-

333 1097 374 1126 10
396 1096 504 1126 Donec
514 1098 546 1125 te
556 1095 695 1134 deserat]
717 1093 900 1134 Tantisper
911 1094 990 1124 dnm

290 1153 396 1176 novus
411 1146 492 1175 eris.
516 1143 625 1183 AEtas]
648 1140 811 1177 Juvenfa.

333 1198 374 1226 12
400 1195 515 1226 Tineas
544 1193 666 1235 pasces]
696 1194 819 1225 Tineas
850 1202 991 1234 pascere

291 1245 462 1281 dicuntur,
477 1255 553 1286 quae
569 1245 728 1285 neglecta
743 1245 809 1275 situ
836 1250 991 1285 pereunt.

289 1296 451 1326 Erasmus.
497 1294 610 1325 Tineas
631 1294 753 1334 pasces]
775 1295 898 1325 Tiueas
914 1304 990 1334 quae

287 1350 325 1375 te
351 1344 543 1375 corrodent.
587 1342 788 1382 Taciturnus]
812 1343 902 1376 Quia
925 1352 988 1374 non

288 1394 425 1434 legeris.

333 1446 374 1475 13
396 1443 466 1475 Aut
483 1443 595 1483 fugies
615 1442 756 1483 Uticam]
783 1443 853 1474 Aut
880 1443 989 1476 tineas

288 1492 435 1524 tacendo
463 1503 596 1533 pasceS,
612 1496 672 1524 aut
694 1493 721 1523 si
746 1497 816 1523 tam
833 1493 890 1524 vili
910 1503 990 1525 esca

288 1547 469 1574 contentus
494 1553 570 1575 esse
598 1543 699 1581 nolis,
726 1542 780 1573 vel
808 1541 924 1583 fugam
954 1543 988 1574 in

289 1591 439 1624 Africam
469 1593 559 1623 ultro
588 1592 745 1632 arripies,
774 1591 828 1622 vel
859 1592 988 1623 vinctus

289 1642 393 1673 etiam
409 1646 447 1673 ut
461 1641 599 1680 fugitivi
611 1642 722 1672 solent
737 1641 770 1672 in
787 1641 988 1685 Hispaniam

288 1691 447 1723 mitteris.
492 1690 631 1723 Nobilis
647 1691 736 1722 enim
758 1690 897 1731 oppida,
917 1692 990 1722 Uli-

287 1752 323 1772 ca
338 1733 480 1773 Catonis
506 1743 630 1780 morte,
646 1739 753 1770 Ilerda
767 1739 915 1770 Caesaris
931 1740 989 1771 ad-

288 1800 406 1822 versus
424 1789 652 1830 Pompeianos
667 1788 823 1819 victoria.
861 1786 991 1820 Vinciat

288 1845 401 1870 autem
417 1840 544 1879 legitur
559 1840 592 1870 in
614 1838 768 1870 omnibus
783 1839 907 1869 nostris
930 1848 990 1870 ex-

289 1890 494 1929 emplaribus
511 1898 576 1919 uno
600 1889 727 1927 demto,
742 1889 800 1929 qui
822 1889 922 1919 victus
935 1889 991 1919 ha-

289 1939 360 1977 bet,
390 1939 449 1968 alii
478 1941 590 1969 unctas
619 1937 738 1968 edunt.
783 1937 904 1977 Neque
935 1938 990 1969 hic

289 1987 460 2018 occultum
498 1985 625 2027 aliquid
654 1986 784 2020 subest,
815 1986 877 2017 sed
908 1986 990 2027 fuga

288 2037 349 2068 illa
378 2036 450 2067 sive
478 2041 667 2076 spontanea
687 2036 759 2066 sive
789 2041 920 2075 coacta,
948 2046 989 2068 eo

287 2085 485 2126 spectabat,
509 2089 546 2115 ιιι
560 2084 679 2115 Romae
697 2085 770 2125 jam
788 2085 989 2122 evilescens,

288 2137 324 2168 in
343 2135 530 2176 provincia,
546 2134 698 2166 novitate
720 2135 900 2166 Lecton-em
917 2136 990 2166 alli·

289 2189 404 2217 ceret:
429 2184 709 2226 quemadmodum
735 2185 824 2216 enim
851 2185 989 2217 lenones

287 2236 538 2277 meretriculas,
559 2235 607 2266 sic
623 2239 658 2266 et
678 2234 871 2276 bibliopolae
894 2236 989 2267 libel-

291 2287 340 2318 los
354 2291 505 2328 qnaestns
518 2286 629 2327 gratia
641 2286 706 2317 alio
720 2291 822 2326 atque
835 2286 901 2317 alio
913 2287 990 2317 mit-

291 2342 381 2367 tunt.
415 2337 557 2367 Tor-rent.
602 2335 723 2375 fugies
752 2335 888 2373 Uticam,
917 2335 989 2376 aut]

290 2385 466 2417 Exulabis.
510 2385 574 2416 Est
586 2385 688 2421 Utica
703 2384 784 2416 urbs
800 2384 832 2415 in
858 2383 990 2416 Africa.

294 2434 413 2467 Unctus
436 2434 588 2475 mitteris]
614 2434 716 2466 Fient
741 2443 788 2465 ex
806 2438 850 2464 -te
876 2434 991 2465 litera-

291 2492 364 2515 rum
388 2486 631 2525 integumenta.
671 2483 836 2516 solebant
857 2488 991 2515 veteres

291 2533 361 2563 alia
391 2535 508 2565 charta
538 2543 615 2565 suas
655 2533 817 2574 epistolas
845 2533 991 2574 operire.

292 2581 446 2622 Ilerdam]
469 2584 644 2623 Hispauiae
659 2582 845 2615 civitatem.

337 2633 377 2661 14
401 2633 553 2672 Monitvr,
571 2632 640 2673 εγω]
664 2633 736 2673 Ego
762 2632 820 2674 qui
845 2635 881 2663 te
906 2640 992 2672 pre-

294 2680 408 2711 monni
426 2681 554 2712 ridebo.
723 2711 727 2715 ,

337 2732 376 2760 15
403 2730 488 2761 Male
498 2732 673 2772 parentem]
697 2731 770 2763 Sibi
782 2740 848 2763 non
865 2730 993 2763 obtem-

758 209 901 241 NOTAE
930 208 1197 240 VARIORUM
1229 206 1282 239 IN

1039 306 1229 343 perantem.
1274 301 1730 343 [arnapam-ullum]

1039 352 1262 393 Praecipitem
1289 351 1397 387 dedit,
1423 350 1628 384 deturbavit.
1659 354 1672 371 ⁴
1689 352 1732 384 In

1038 411 1142 442 rupes
1167 400 1399 442 protrudere,’
1413 410 1479 433 non
1504 407 1601 433 earet
1622 401 1733 442 adagii

1037 449 1158 490 forma,
1173 450 1265 492 qnod
1286 451 1321 482 in
1344 460 1402 483 eos
1423 450 1592 492 quadrare
1608 448 1735 494 potest,

1037 500 1094 541 qui
1121 501 1209 532 malo
1238 501 1338 541 genio
1362 501 1446 537 nati,
1461 509 1525 532 nec
1547 509 1612 541 per
1633 509 1670 532 se
1684 509 1737 540 sa-

1037 550 1149 590 piunt,
1164 559 1230 582 nec
1249 551 1336 582 bene
1358 550 1510 584 monenti
1524 549 1666 582 credere
1681 550 1736 582 νο·-

1038 599 1126 630 lum.
1148 600 1246 640 Cruq.

1082 651 1122 679 17
1146 648 1218 680 Ηοι·
1230 659 1358 689 quoque,
1373 649 1444 690 fisa]
1469 649 1546 681 Hoc
1558 648 1623 681 tibi
1633 657 1735 680 even·

1038 702 1151 729 turum
1168 702 1230 730 est.
1264 699 1386 730 Pueros
1400 701 1548 730 elementa
1562 697 1736 738 dmentem]

1038 748 1116 779 Hoc
1133 748 1252 780 Poetae
1276 754 1404 788 nostro,
1428 749 1475 780 nti
1499 754 1535 780 et
1551 749 1735 781 Poetarum

1038 797 1184 839 principi
1200 798 1352 839 Virgilio,
1368 809 1429 830 sna
1442 799 1515 839 jam
1531 803 1635 831 aetate
1655 808 1737 830 con·

1038 848 1156 888 tigisse
1170 853 1316 880 testatur
1330 849 1455 882 Juven.
1469 850 1541 880 Sat.
1554 858 1616 880 vn.
1643 854 1652 867 ¹
1667 849 1738 880 Το-

1037 897 1142 929 tidem
1167 897 1326 930 olfecisse
1353 891 1519 936 lucernas,
1545 897 1646 931 Quod
1668 903 1736 929 sta-

1038 946 1122 977 bant
1149 947 1245 987 pueri
1268 957 1345 979 cum
1368 952 1460 979 totus
1484 948 1622 979 decolor
1645 952 1738 979 esset

1038 996 1196 1035 Flaccus,
1208 1002 1245 1028 et
1258 997 1408 1028 haereret
1423 997 1522 1038 nigro
1537 996 1646 1038 fuligo
1661 997 1737 1029 Ma-

1040 1046 1135 1077 roni.'
1149 1046 1294 1078 Tormt.
1339 1047 1518 1088 mama]
1544 1047 1686 1078 uterus.

1083 1098 1124 1126 18
1146 1096 1310 1137 Extremis
1319 1096 1355 1127 in
1363 1096 1459 1137 eicis]
1484 1097 1652 1127 Extremo·
1665 1104 1738 1127 ere-

1041 1143 1084 1175 do
1101 1145 1185 1175 eicos
1199 1144 1389 1191 dicitulora
1411 1143 1468 1176 ubi
1491 1144 1607 1184 plures
1623 1144 1687 1176 vici
1703 1144 1738 1175 in

1040 1193 1141 1224 trivia
1170 1197 1231 1224 aut
1262 1193 1442 1234 quadrivia
1475 1193 1655 1225 desinunt:
1690 1193 1739 1225 ibi

1041 1244 1131 1274 enim
1167 1243 1474 1275 Grammaticorum
1504 1243 1643 1283 schole,
1672 1253 1739 1285 quo

1039 1294 1156 1334 plures
1173 1292 1397 1324 confluerent.
1416 1293 1557 1324 Tor-rent.

1084 1345 1124 1373 19
1149 1342 1251 1377 Quum
1266 1341 1340 1381 tibi]
1364 1341 1459 1373 Hora
1474 1342 1542 1373 diei
1560 1342 1664 1373 tertia
1680 1346 1740 1373 aut

1038 1397 1174 1433 quarta,
1186 1400 1252 1432 quo
1264 1395 1331 1422 tem
1337 1400 1419 1431 pore
1429 1391 1654 1432 ludimagistri
1669 1391 1741 1423 dic·
1787 1404 1789 1406 ·

1039 1446 1111 1472 tata
1142 1441 1257 1481 pneris
1291 1440 1444 1481 praebere
1479 1445 1740 1472 consueverunt.

1037 1490 1092 1522 Sol
1125 1490 1249 1530 tepidus
1274 1490 1393 1530 plureis
1420 1490 1591 1521 admoverit
1619 1488 1739 1529 aureis]

1038 1541 1152 1574 Quum
1164 1540 1470 1580 invalescentejam
1482 1539 1551 1580 die,
1563 1548 1631 1570 non
1642 1538 1740 1579 pueri

1039 1591 1154 1630 modo,
1179 1590 1240 1622 sed
1264 1595 1301 1621 et
1323 1590 1380 1620 alii
1404 1590 1446 1620 ad
1474 1594 1509 1620 te
1531 1588 1738 1620 audiendum

1039 1639 1290 1672 confluxerint:
1314 1649 1391 1671 nam
1417 1649 1542 1680 pueros
1568 1639 1671 1670 etiam
1696 1639 1739 1669 ad

1040 1691 1194 1722 lucernas
1209 1690 1342 1721 discere
1364 1689 1482 1720 solitos
1497 1688 1673 1721 ,luvenalis
1688 1697 1740 1719 os-

1041 1739 1165 1770 tendiu
1187 1740 1331 1770 Tor-rent.
1366 1738 1484 1778 Aura]
1504 1737 1706 1769 Auditores.

1082 1791 1126 1820 20
1147 1789 1190 1819 In
1203 1789 1291 1820 temni
1303 1788 1354 1829 re]
1377 1788 1420 1819 In
1442 1797 1549 1828 parva
1561 1787 1743 1819 hoeredita-

1043 1842 1089 1874 te,
1106 1838 1160 1869 vel
1177 1842 1321 1877 angusta
1337 1847 1373 1868 re
1386 1836 1558 1868 familiari.

1082 1891 1123 1919 21
1155 1888 1297 1926 Major-es
1330 1887 1466 1927 pennas]
1506 1886 1742 1918 Humilitatem

1040 1937 1176 1978 generis
1213 1936 1280 1966 mei
1323 1936 1522 1966 illustrasse.
1567 1935 1743 1977 Allegoria

1039 1986 1141 2018 ducta
1156 1985 1200 2016 ab
1215 1985 1326 2016 avium
1343 1985 1455 2025 pullis.

1081 2038 1124 2067 22
1149 2035 1267 2066 Generi
1280 2034 1398 2074 demas]
1422 2033 1614 2072 Naulibus.

1081 2087 1122 2116 23
1146 2084 1267 2116 Pri-is
1294 2083 1383 2115 urbis
1413 2082 1496 2123 belli,
1521 2084 1590 2125 &ct-1
1623 2084 1739 2117 Romae

1037 2133 1259 2173 Primatibus‚
1273 2133 1441 2174 Angusto,
1454 2133 1652 2174 Macenati,
1661 2135 1741 2167 Pol-

1039 2184 1136 2221 lioni,
1151 2185 1218 2214 ὅτε.

1034 2258 1037 2259 ⁷
1081 2237 1123 2265 24
1145 2234 1347 2274 Proecoenum]
1381 2233 1510 2265 Canum
1541 2236 1622 2265 aute
1654 2237 1741 2266 tem·

1039 2293 1112 2324 pus.
1158 2283 1281 2314 Solibus
1303 2282 1425 2323 uptun]
1457 2283 1621 2315 Libenter
1650 2284 1741 2324 apri-

1039 2333 1110 2365 cari
1132 2333 1268 2364 solitum
1283 2342 1321 2364 se
1346 2332 1498 2364 ostendit
1511 2332 1689 2373 Horatius,
1702 2337 1742 2364 ιιι

1040 2393 1139 2415 senes
1154 2383 1311 2424 plerique
1326 2391 1442 2413 omnes
1460 2382 1740 2423 apricationibus,

1042 2442 1125 2474 quas
1155 2432 1271 2464 Graeci
1306 2429 1468 2470 ἡλιοκαΐαις
1496 2434 1631 2467 vocant.
1659 2440 1743 2472 gnu-

1041 2483 1148 2514 dent:
1171 2482 1262 2514 unde
1288 2481 1429 2513 Persius
1451 2480 1524 2512 Sat.
1547 2489 1598 2513 tv.
1620 2481 1632 2499 ‘
1649 2481 1697 2513 Δι
1710 2482 1741 2514 si

1043 2541 1180 2573 usquam
1190 2540 1317 2566 cesses,
1328 2535 1364 2561 et
1374 2529 1459 2571 figas
1473 2530 1507 2560 in
1517 2534 1599 2562 cute
1610 2530 1741 2563 solem!

1041 2583 1197 2623 Eumque
1223 2581 1266 2612 ad
1291 2589 1389 2612 usum
1415 2579 1573 2612 solarium
1601 2580 1677 2612 fere
1702 2584 1741 2612 et

1041 2631 1300 2662 heliocaminum
1312 2630 1347 2661 in
1359 2629 1489 2661 aedibun
1498 2628 1671 2669 habebant
1682 2638 1740 2660 ve-

1041 2685 1145 2712 teres.
1169 2682 1260 2712 Tor-r.
1285 2680 1407 2712 Solibus
1423 2678 1544 2720 mn]
1566 2679 1646 2711 Sole
1659 2688 1738 2719 gau-

1042 2732 1189 2763 dentem.
