1858 3184
227 222 339 266 1898

225 327 377 359 invenire
401 328 493 360 illam
518 339 586 361 non
607 335 735 371 posset,
760 341 799 363 ac
814 331 921 363 socios

226 383 388 419 aquatum
416 379 571 421 misisset,
597 390 616 411 a
645 381 793 413 dracone
819 382 922 414 occisi

223 433 312 461 sunt.
350 428 430 470 Ipse
445 431 584 471 cognito
600 431 765 463 sociorum
782 433 922 464 interitu

223 479 406 511 draconem
417 480 525 512 Marti
536 487 768 513 consecratum
783 483 920 522 occidit,

223 527 414 570 dentesque
430 530 623 571 seminavit,
647 541 691 562 ex
712 532 832 574 quibus
849 533 920 565 nati

221 579 348 619 hostes,
377 580 435 620 qui
465 581 590 612 mutuis
619 591 693 613 sese
725 584 919 615 vulneribus

220 629 457 663 confoderunt.
498 632 648 664 Tandem
675 638 710 665 et
733 634 807 674 ipse
828 636 919 667 senio

220 679 398 712 confectus
429 691 504 713 cum
537 692 642 715 uxore
673 685 704 715 in
735 684 918 717 draconem

219 735 371 763 mutatus
385 738 451 771 est,
466 739 503 764 ut
517 732 590 765 fuse
599 734 704 765 habes
715 734 804 775 apud
815 735 917 767 Ovid.

218 780 307 812 Met.
324 790 381 812 ιιι.
407 782 566 814 Nunnius.

263 833 324 863 188
347 832 531 865 Incredulus
558 833 626 874 odi]
655 834 732 866 Non
760 835 917 876 credens,

218 886 396 914 contemno
412 888 449 915 et
465 884 542 915 odio
560 886 679 918 habeo.

261 935 324 964 189
347 934 435 966 Neve
449 936 550 967 minor
560 937 682 978 quinto]
705 937 834 969 Narrat
844 938 916 979 qui-

215 982 277 1014 bus
291 984 441 1024 partibus
452 985 577 1018 debeat
590 985 704 1018 fabula
716 989 915 1020 consistere.

216 1032 410 1074 Exiguntur
420 1035 568 1076 quinque
577 1036 698 1077 Actus,
711 1042 800 1070 teste
813 1039 914 1070 etiam

216 1083 363 1116 Donato.
398 1086 583 1117 Scenarum
613 1096 678 1118 non
711 1093 778 1118 tam
802 1093 915 1119 certus

213 1142 374 1166 numerus
389 1145 398 1166 :
423 1135 559 1176 quidam
577 1135 686 1167 Actus
704 1137 818 1177 plures
835 1138 915 1168 See-

212 1192 275 1215 nas
302 1185 447 1216 liabent:
473 1185 608 1227 quidam
635 1195 735 1217 unam
759 1191 914 1223 tantum:

213 1239 250 1264 ut
267 1235 298 1265 in
315 1234 638 1267 EunuchoTerentii
649 1236 760 1267 Scena
773 1236 915 1269 unaAc-

212 1289 283 1316 tum
300 1285 470 1324 integrum
487 1285 644 1317 absolvit.
691 1286 817 1326 Magna
835 1297 913 1328 quo-

212 1342 279 1375 que
297 1334 402 1365 virtus
426 1339 462 1365 et
485 1334 680 1375 difficultas,
707 1337 841 1377 quando
859 1347 913 1368 ac-

212 1389 266 1415 tus
301 1384 448 1425 incipiat
482 1384 662 1416 finiatur-ve
699 1386 913 1426 dignoscere.

211 1434 304 1466 Olim
341 1436 539 1467 facillimum
576 1441 651 1467 erat
684 1436 911 1477 distinguere:

210 1485 420 1517 adhibebant
442 1486 483 1517 ad
507 1485 608 1517 finem
626 1486 735 1518 Actus
759 1487 913 1519 uniuscu-

203 1536 330 1577 jusque
355 1537 475 1568 choros
503 1541 538 1568 et
563 1538 717 1569 cantica:
744 1538 912 1579 intellige.

211 1586 270 1617 bat
287 1590 357 1617 tum
374 1591 550 1628 spectator
565 1587 690 1620 Actum
703 1588 849 1630 finitum,
864 1590 911 1620 al—

208 1641 320 1667 terum
351 1637 596 1678 incipiendum.
640 1638 771 1670 Postea
799 1645 911 1671 sustu-

206 1687 322 1718 lerunt
337 1691 375 1718 et
391 1687 530 1718 chorum
553 1692 590 1719 et
615 1689 761 1729 cantica,
776 1695 815 1721 ut
837 1699 910 1730 per·

207 1742 313 1778 petuo
348 1737 403 1779 agi
428 1743 594 1770 contextu
610 1739 778 1772 videatur.
819 1741 910 1772 Nan-

206 1788 287 1819 nius.
334 1787 424 1819 Neve
439 1789 551 1828 minor,
574 1798 632 1820 nen
646 1790 703 1830 sit,
716 1791 788 1832 εμπ]
814 1791 910 1823 Prae-

206 1832 344 1878 ceptum
359 1838 527 1869 decimum
542 1845 714 1880 quartum,
728 1841 768 1872 de
782 1839 908 1873 fabnlae

205 1888 463 1928 magnitudine:
489 1898 531 1919 ue
556 1889 600 1920 sit
628 1890 767 1922 nimium
784 1892 907 1928 brevis.

204 1947 292 1969 neve
308 1938 445 1969 nimium
463 1938 585 1978 longa:
609 1940 668 1970 sed
690 1941 839 1982 quinque
856 1952 907 1974 ac·

206 1987 296 2018 tibus
320 1992 466 2019 constet.
512 1989 641 2020 Fabula
670 2000 752 2032 ergo
782 2001 824 2023 ne
848 1992 906 2023 ha—

204 2037 285 2068 beat
292 2044 387 2069 actus
399 2039 588 2078 pauciores,
600 2049 662 2071 nec
671 2041 795 2082 plures,
804 2052 904 2083 quam

203 2089 365 2130 quinque.
390 2089 512 2121 Piscat-

248 2142 310 2171 190
344 2139 477 2175 Fabula,
508 2139 592 2182 quoe]
627 2141 817 2183 Tragoedia,
850 2143 903 2173 vel

203 2189 388 2230 Comoedia,
408 2200 522 2232 neque
540 2192 767 2234 paucioribus,
792 2203 902 2235 neque

203 2241 354 2282 pluribus
377 2251 476 2283 quam
499 2243 647 2284 quinque
664 2243 809 2275 Actibus
825 2254 902 2276 con-

201 2297 296 2323 stare
311 2292 426 2324 debet.
473 2293 552 2329 Quae
571 2296 656 2334 posci
679 2294 745 2325 vult
766 2297 795 2326 et
818 2305 902 2336 spec-

201 2345 270 2373 tata
294 2341 418 2384 reponi]
445 2342 531 2375 Quae
562 2344 696 2384 placere
722 2345 807 2384 vult,
838 2355 901 2377 sae-

201 2392 345 2434 piusque
360 2392 426 2433 agi.
450 2393 609 2425 Nunnius.
658 2394 749 2426 Posci
761 2394 844 2435 vult]
870 2395 901 2427 A

202 2444 340 2484 populo,
370 2449 408 2475 ut
435 2443 559 2475 iterum
586 2449 716 2485 agatur.
762 2446 900 2487 Reponi]

201 2492 332 2525 Iterum
349 2494 481 2526 doceri.

245 2545 305 2574 191
331 2545 399 2575 Nec
416 2545 506 2575 Deus
519 2544 662 2586 intersit]
687 2545 779 2578 Olim
794 2547 828 2578 in
850 2545 899 2578 fa·

201 2591 303 2631 bulis,
319 2593 376 2624 ubi
390 2602 426 2624 se
449 2603 490 2624 ex
508 2593 607 2625 rebus
631 2592 824 2627 difficilibus
840 2605 900 2627 ex-

202 2639 316 2671 tricari
332 2651 398 2672 non
415 2643 638 2683 poterant‚ad
652 2644 796 2676 numinis
813 2654 901 2686 prae-

201 2691 322 2722 sidium
338 2691 591 2732 confugiebant,
605 2695 766 2736 Deosque
776 2696 900 2728 machi-

199 2746 313 2780 natos,
328 2739 393 2782 (sic
410 2742 498 2772 enim
515 2749 614 2775 vocat
631 2745 818 2788 Donatus,)
834 2747 898 2779 lioc

201 2797 265 2829 est,
289 2792 322 2825 in
343 2791 498 2824 machina
525 2794 738 2836 constitutos,
758 2797 897 2830 induce-

694 236 835 268 NOTAE
869 235 1132 268 vAmoRuM
1166 236 1218 268 m

973 332 1073 371 bant3
1089 331 1146 374 qui
1158 331 1323 372 Prologus
1336 335 1524 367 narrarent,
1533 333 1670 366 nodum.

973 392 1052 424 que,
1067 383 1094 414 si
1110 383 1185 424 quis
1203 381 1392 422 incidisset,
1413 382 1604 414 solverents
1625 385 1668 416 E-

973 442 1102 464 rasmus
1119 432 1264 473 Adagio,
1291 434 1300 450 ·
1318 432 1411 463 Deus
1428 441 1469 463 ex
1486 432 1669 473 improviso

973 482 1166 522 apparens‚’
1183 487 1219 513 ut
1234 487 1271 514 et
1296 481 1386 522 apud
1402 481 1540 513 Snidam
1566 482 1668 514 Prov-

971 530 1047 562 Ἀπὸ
1059 532 1205 571 μηχανῆς
1219 531 1297 564 θεός.

971 581 1038 612 duo
1066 588 1261 622 praecepta:
1296 590 1357 613 xv.
1392 582 1446 613 Ne
1476 586 1605 613 temere
1634 581 1669 613 in

971 631 1138 662 theatrum
1163 632 1400 663 introducatur
1425 632 1521 663 Deus
1542 631 1670 672 quispi-

970 691 1044 712 am:
1070 682 1130 713 sed
1152 689 1222 714 tum
1239 683 1388 721 demum,
1413 692 1490 714 eum
1508 681 1669 714 inciderit

969 731 1113 765 difficilis
1135 733 1254 775 aliquis
1285 733 1406 772 nodus,
1433 733 1491 775 qui
1522 734 1668 779 bumana

966 783 1136 823 sapientia
1151 789 1209 815 aut
1233 785 1391 825 potentia
1406 784 1545 815 enodari
1563 789 1667 826 atquc

967 833 1134 873 explicari
1155 842 1221 863 non
1245 833 1365 874 possit.
1389 841 1469 864 xw.
1495 842 1587 874 vero,
1611 833 1667 866 Ne

967 882 1200 924 colloquantur
1229 889 1375 925 quatuor
1404 892 1571 924 personae,
1605 882 1667 914 sed

966 934 1020 964 vel
1051 933 1127 964 duae
1160 938 1306 974 tantum,
1337 934 1391 965 vel
1421 933 1464 965 ad
1500 943 1665 966 summum

967 987 1047 1014 tres.
1086 983 1243 1015 Piscator.
1303 984 1372 1015 Nec
1406 983 1496 1015 Deus
1522 983 1665 1023 intersit]

967 1033 1042 1064 Nec
1058 1035 1152 1065 Deus
1174 1034 1208 1064 in
1230 1043 1363 1065 scenam
1379 1034 1572 1066 inducatur.
1595 1034 1664 1065 Νο-

965 1083 1037 1124 ἀιω]
1060 1083 1131 1114 Res
1144 1083 1250 1114 ardua
1265 1088 1300 1114 et
1313 1081 1474 1126 difficilia.

1008 1135 1070 1164 192
1096 1133 1166 1164 Nec
1189 1136 1303 1173 quarta
1324 1132 1407 1173 loqui
1426 1140 1560 1173 persona
1581 1108 1664 1164 labo-

963 1182 1028 1223 ret]
1051 1182 1133 1213 Tres
1150 1188 1264 1223 partes
1279 1181 1314 1213 in
1329 1181 1515 1214 Comoediis
1527 1191 1567 1214 ac
1581 1178 1664 1214 Τη-

965 1232 1096 1274 goediis,
1113 1234 1310 1275 Canticum,
1329 1233 1473 1275 Chorus,
1487 1238 1523 1271 et
1539 1233 1664 1266 Diver-

965 1284 1069 1316 bium.
1107 1285 1254 1326 Singulae
1283 1289 1416 1316 certum
1442 1294 1663 1326 personarum
1704 1289 1709 1291 ’

962 1334 1091 1366 habent
1117 1344 1311 1366 numerum:
1351 1339 1455 1376 atque
1485 1334 1563 1366 binc
1592 1334 1663 1366 fac-

962 1388 1046 1424 tum,
1060 1389 1099 1415 ut
1117 1385 1193 1416 illas
1205 1389 1320 1425 partes
1333 1384 1551 1416 advocarent.
1574 1386 1662 1417 Can-

962 1434 1067 1465 ticum
1081 1439 1148 1474 est,
1164 1434 1220 1466 ubi
1241 1434 1417 1476 μελοποιὸς,
1441 1435 1475 1466 id
1500 1440 1566 1476 est,
1589 1445 1662 1466 can·

961 1490 1011 1518 tus
1039 1486 1158 1524 artifex
1188 1487 1303 1518 canit:
1342 1486 1398 1518 ubi
1431 1496 1498 1518 una
1529 1493 1660 1519 tantum

960 1547 1104 1579 persona
1121 1538 1319 1579 requiritur,
1345 1543 1405 1569 aut
1431 1538 1458 1568 si
1474 1538 1594 1578 altera,
1611 1543 1660 1568 ta-

960 1588 1031 1619 cita
1058 1588 1243 1628 subsistat3
1265 1592 1302 1620 et
1315 1589 1344 1619 si
1359 1588 1530 1630 loquatur,
1546 1598 1658 1620 secum

958 1639 1127 1680 loquatur.
1154 1638 1285 1670 Chorus
1298 1643 1411 1671 autem
1425 1639 1542 1680 plures
1554 1638 1660 1670 habet

960 1699 1134 1730 personas,
1147 1694 1352 1731 constatque
1367 1699 1387 1722 e
1403 1690 1483 1721 viris
1504 1695 1564 1722 aut
1588 1699 1658 1722 mn-

959 1739 1110 1778 lieribus,
1134 1744 1193 1770 aut
1216 1749 1259 1771 ex
1284 1739 1439 1781 utrisque
1459 1740 1657 1781 permixtis:

960 1797 1142 1830 omnesque
1179 1789 1355 1831 loquentes
1385 1789 1660 1831 introducuntur,

960 1839 1020 1870 sed
1037 1839 1178 1871 confusa
1202 1849 1299 1881 voce,
1323 1840 1419 1882 qnasi
1440 1850 1505 1872 una
1521 1841 1566 1872 sit
1581 1849 1658 1882 per·

958 1899 1050 1921 sona.
1096 1891 1308 1932 Diverbium,
1336 1891 1408 1923 sive
1439 1892 1660 1934 Deverbium‚

959 1944 998 1970 ut
1013 1940 1168 1971 Donatus
1184 1941 1266 1975 vult,
1283 1941 1376 1971 locus
1391 1946 1456 1980 est,
1471 1941 1529 1972 ubi
1543 1950 1656 1982 perso-

957 1998 1010 2020 nae
1037 1989 1202 2020 Actorum
1223 1994 1415 2028 versantur,
1445 1995 1481 2021 et
1503 1990 1594 2021 inter
1619 2001 1655 2023 se

956 2038 1139 2071 histriones
1161 2039 1420 2081 colloquuntur:
1443 2039 1477 2071 in
1501 2050 1568 2081 quo
1584 2045 1655 2073 tres

956 2090 1062 2120 solum
1090 2098 1251 2130 personas
1278 2098 1352 2120 esse
1373 2098 1512 2121 necesse
1535 2095 1600 2130 est,
1628 2092 1656 2122 si

957 2149 1036 2171 vero
1051 2145 1174 2181 quarta
1190 2140 1293 2181 adsit,
1306 2140 1416 2182 (quod
1435 2150 1546 2172 rarum
1569 2141 1655 2182 est,)

955 2195 1014 2222 aut
1031 2191 1137 2222 tacita
1151 2190 1325 2229 subsistat,
1337 2195 1396 2221 aut
1407 2199 1522 2222 secum
1535 2191 1653 2232 loqua-

956 2244 1022 2276 tur,
1034 2244 1071 2271 ut
1080 2240 1191 2271 Birria
1200 2239 1290 2280 apud
1298 2240 1494 2271 Terentium
1507 2250 1515 2271 :

953 2294 1076 2322 nostrae
1093 2290 1194 2321 timeo
1211 2290 1314 2331 parti,
1329 2290 1410 2331 quid
1434 2290 1489 2322 hic
1511 2299 1652 2332 respon·

952 2339 1057 2372 deat.’
1103 2340 1169 2371 Nec
1182 2343 1292 2380 quarta
1310 2340 1394 2381 loqui
1406 2339 1551 2380 persona]
1577 2340 1606 2371 N
1611 2349 1651 2372 ec

952 2392 1067 2431 plures
1094 2400 1249 2432 personae
1274 2401 1341 2422 uno
1364 2397 1400 2422 et
1421 2392 1538 2423 eodem
1565 2396 1674 2438 temg

952 2451 1036 2483 pore
1049 2442 1081 2473 in
1098 2451 1234 2474 scenam
1257 2442 1424 2483 prodeant
1447 2442 1649 2484 loquuturus,

953 2502 1054 2534 quam
1071 2499 1151 2524 tres.

995 2545 1056 2574 193
1093 2542 1222 2575 Actoris
1264 2540 1387 2583 partes]
1429 2540 1648 2583 Praeceptum

952 2601 1044 2624 xvu.
1060 2593 1103 2624 de
1119 2592 1231 2625 officio
1247 2593 1362 2624 chori·
1386 2591 1578 2634 quomodo
1569 2602 1597 2624 is
1611 2602 1654 2624 su>

951 2652 1071 2684 gerere
1084 2644 1355 2685 debeat‚quasve
1371 2643 1561 2683 sententias
1571 2652 1648 2684 pro-

949 2695 1109 2727 nunciare
1125 2700 1184 2726 aut
1198 2703 1335 2727 canere.
1361 2693 1439 2725 Hoc
1453 2702 1516 2735 per
1531 2699 1646 2734 partes

949 2745 1098 2786 exponit.
1136 2744 1319 2777 Inter-serit
1347 2744 1575 2776 narrationem
1601 2743 1644 2773 de

948 2796 1031 2828 tibia
1053 2801 1088 2828 et
1105 2796 1244 2828 tibicine
1261 2799 1296 2827 et
1316 2794 1517 2835 citharoedo,
1533 2797 1568 2824 et
1584 2792 1642 2824 de-

1332 532 1400 563 Hic
1421 536 1671 565 connectuntur
1717 567 1723 572 ,

1531 2241 1652 2272 ‘Nune
1711 2249 1716 2252 ’
