1858 3184
257 219 369 264 1908

298 326 363 356 296
387 323 537 356 Excludit
553 333 643 355 sanos
657 323 807 355 Helicone
822 322 953 362 Poetae]

256 374 444 406 Submovet
474 383 494 404 a
515 373 691 406 Musarum
717 373 897 411 consortio,
918 376 955 404 et

254 434 324 457 non
339 423 443 456 habet
458 424 491 455 in
513 433 654 455 numero
679 423 842 455 bonorum
867 421 955 454 Poe·-

255 480 391 514 tarum3
413 483 490 506 nam
514 473 549 504 in
571 476 686 504 monte
712 472 879 504 Helicone
893 471 954 503 fin-

257 524 384 565 gebant
400 523 555 555 habitare
572 523 701 558 Musas,
717 532 791 564 quae
807 523 895 553 vires
911 522 954 553 ad

255 573 384 605 Poesin
410 570 681 613 suppeditarent.
733 571 884 602 Excludit
905 580 955 601 ea·

254 622 327 662 nos]
353 623 465 661 Negat
495 631 552 652 eos
582 630 656 652 esse
683 620 787 652 bonos
815 620 955 660 Poena,

257 671 313 711 qui
329 681 394 702 non
410 671 591 702 insaniunt.
621 671 683 702 Est
701 671 847 702 Helicon
861 680 956 702 mons

255 721 404 752 Boeotiae
420 725 456 752 et
473 721 581 752 Musis
595 730 700 753 sacer.
736 721 853 761 Sanos]
877 721 956 752 Non

255 770 424 810 furentes,
439 780 502 802 nec
518 770 661 803 afflatos.
686 772 841 803 Nunnius.

299 824 362 853 297
385 821 601 862 Democritus]
626 822 693 853 Hic
721 831 798 853 cum
825 821 956 854 duobus

255 871 420 904 fratribus
436 872 674 913 patrimonium
695 871 860 912 dividens,
876 873 957 903 nihil

255 925 383 962 praeter
397 922 587 962 pecuniam,
603 932 669 963 quo
681 922 794 962 aptior
806 922 846 953 ad
859 932 956 963 pere-

256 972 458 1012 grinandum
475 971 714 1014 esset,‚elegit.
756 970 900 1003 Audivit
922 972 957 1003 in

254 1020 356 1053 India
363 1022 682 1062 Gymnosophistas‚
691 1021 868 1062 Babylone
881 1022 956 1053 Ma-

254 1079 329 1110 gos,
358 1071 392 1101 in
410 1071 557 1111 AEgypto
579 1071 794 1103 Sacerdotes.
839 1071 959 1102 Rediit

254 1119 402 1160 sapiens,
434 1120 493 1151 sed
521 1120 724 1160 patrimonio
747 1125 884 1151 centum
907 1124 958 1151 ta-

255 1169 428 1200 lentorum
442 1169 611 1206 absnmto,
628 1173 664 1201 et
678 1179 698 1200 a
713 1168 819 1200 fratre
835 1169 958 1201 Dama-

257 1219 357 1259 sippo
383 1219 530 1250 nutritus
551 1218 627 1250 fuit.
671 1218 830 1249 Omnium
847 1228 958 1250 rerum

259 1268 478 1300 humanarum
501 1269 631 1300 derisor
654 1267 741 1308 fuit3
763 1270 812 1300 nti
840 1274 959 1301 contra

258 1317 470 1357 Heraclitus,
494 1319 551 1359 qni
573 1328 627 1349 res
650 1318 811 1349 humanas
827 1320 959 1359 putavit

259 1365 443 1399 deflendas.
466 1368 558 1398 Bona
570 1377 644 1407 pars
656 1377 716 1398 non
730 1369 865 1409 ungues]
881 1368 959 1399 Hoc

258 1419 324 1456 est,
340 1417 438 1447 multi
459 1415 623 1447 affectant
644 1416 799 1457 poetices
822 1416 959 1457 famam,

260 1465 290 1496 ai
311 1475 424 1507 neque
448 1466 609 1507 unguium
634 1467 870 1507 praesegmina,
894 1476 958 1498 nec

259 1515 400 1547 barbam
417 1516 548 1547 tollant.
593 1515 686 1546 Olim
705 1519 830 1556 praeter
844 1516 959 1548 Philo·

261 1565 386 1605 sophos
414 1566 497 1597 nulli
522 1565 661 1598 barbam
691 1565 847 1597 alebant:
882 1566 959 1598 Hoc

259 1614 326 1646 illis
353 1615 468 1646 datum
491 1614 688 1646 severitati:
712 1615 748 1646 in
770 1615 845 1646 aliis
861 1625 960 1655 argu-

262 1667 412 1696 mentum
433 1665 573 1695 insaniae
587 1663 666 1696 fuit.
691 1665 850 1696 Nunnius.
893 1666 960 1697 Bo-

261 1723 303 1745 na
316 1723 392 1754 pare
405 1723 466 1745 non
477 1723 597 1754 ungues
608 1723 720 1754 ponere
733 1713 841 1754 curat]
862 1715 961 1756 Mag-

261 1773 307 1795 na
323 1773 400 1805 pars
423 1763 610 1795 Poetarum
637 1773 703 1795 non
721 1769 819 1796 curat
833 1774 963 1805 ungues

262 1823 464 1855 praesecare,
481 1823 665 1856 eorumque
680 1814 799 1846 sordes
811 1815 962 1847 demere.

305 1866 369 1894 298
393 1864 521 1894 Secreta
532 1864 612 1903 petit
629 1863 710 1903 loca]
732 1864 829 1896 Petit
845 1865 963 1896 solitu-

263 1912 371 1951 dines,
388 1913 437 1942 uti
455 1922 571 1943 omnes
594 1916 668 1942 atra
689 1912 756 1943 bile
772 1913 896 1952 perciti
909 1922 963 1944 so-

262 1962 347 1992 lent.
372 1961 530 1992 Nannius.
573 1961 697 1992 Balnea
718 1961 813 2001 vitat]
834 1962 874 1992 In
891 1962 962 1994 bal·

263 2012 335 2042 nois
349 2021 414 2042 non
431 2012 575 2043 lavatur.

304 2063 369 2093 299
390 2061 536 2092 Pretium
560 2060 740 2101 nomenque]
765 2058 961 2092 Authorita-

265 2115 334 2141 tem
348 2114 384 2142 et
398 2109 601 2150 dignitatem
618 2109 747 2140 Poetae.

305 2162 369 2191 300
391 2159 539 2191 Sitribus
553 2158 734 2200 Anticyris}
746 2158 787 2189 Id
799 2162 862 2195 est,
874 2168 961 2190 sum-

264 2218 321 2241 ma
351 2209 383 2240 vi
409 2214 446 2241 et
472 2209 617 2240 maxima
652 2208 753 2249 copia
785 2207 960 2239 hellebori.

265 2259 425 2291 Nunnius.
469 2258 509 2290 Si
535 2257 635 2290 tribue
661 2257 826 2298 Anticyris
853 2257 961 2298 caput]

263 2309 300 2341 si
315 2309 421 2341 insani
446 2308 594 2349 speciem
616 2317 689 2349 prae
712 2316 751 2338 se
773 2305 873 2338 ferat.
921 2306 962 2338 In

265 2359 375 2390 insula
391 2357 556 2398 Anticyra
570 2357 712 2388 multum
728 2356 879 2387 nascitur
891 2355 961 2387 hel-

266 2409 387 2450 lebori,
414 2418 479 2450 qao
495 2412 629 2449 sumpto
650 2407 825 2439 dementes
841 2415 962 2437 sanan·

268 2465 334 2491 tur.
379 2458 573 2499 Ineanabile]
603 2459 717 2499 Caput
742 2456 833 2499 quod
858 2456 962 2487 helle-

269 2510 352 2540 boro
390 2510 503 2541 sanari
529 2517 598 2540 non
633 2508 752 2549 possit.
796 2507 964 2547 Nunquam

270 2557 411 2595 Tonsori,
434 2557 504 2598 ξω]
536 2557 572 2588 Si
588 2561 691 2598 caput
708 2565 876 2598 nunquam
892 2560 962 2587 ton-

268 2606 415 2638 dendum
433 2607 616 2638 curaverit.

310 2658 369 2686 301
396 2657 507 2688 Licino
516 2656 717 2698 commiserit]
726 2656 866 2688 Tonsori
879 2665 962 2698 opu-

267 2706 467 2742 lentissimo,
493 2707 549 2747 qui
571 2706 821 2748 postea'factus
836 2713 891 2739 est
903 2706 963 2739 Se·

269 2760 367 2788 nator
391 2765 412 2788 a
436 2756 584 2797 Caesare,
606 2758 695 2799 quod
717 2757 847 2791 odisset
862 2757 963 2790 Pom·

716 229 858 261 No'rAE
892 227 1155 259 VARIORUM
1190 226 1242 257 ΙΝ

1006 321 1129 363 peium.
1174 321 1205 352 0
1233 329 1290 360 ego
1322 319 1431 360 heus]
1455 317 1497 350 Id
1521 318 1584 355 eet,
1609 321 1697 352 leva

1003 376 1117 403 mente
1132 370 1304 412 praeditus.
1327 368 1359 400 O
1375 377 1430 400 me
1444 367 1613 400 infelicem
1626 370 1699 401 ani-

1003 421 1061 452 mi.
1115 421 1171 452 Sic
1200 420 1297 460 Virg.
1327 419 1400 451 AEn.
1432 427 1474 450 1¹.
1505 422 1541 449 et
1568 417 1642 449 Ecl.
1671 428 1698 458 ι.

1004 471 1014 488 ‘
1029 470 1056 501 si
1071 479 1164 501 mens
1182 479 1248 501 non
1263 470 1351 500 laeva
1364 467 1511 500 fnisset.’
1541 467 1699 505 Nanniue.

1003 521 1131 563 Laevus]
1154 522 1227 562 Ego
1246 520 1382 551 stultns.
1702 552 1708 558 ι

1048 574 1111 603 302
1136 571 1200 606 Qui
1210 579 1329 610 purgor
1343 569 1450 610 bilem]
1486 568 1623 608 Pur-gor,
1639 567 1699 610 eji-

1005 621 1074 661 cio,
1088 630 1206 652 evomo
1222 620 1347 651 bilem:
1363 623 1398 650 et
1411 618 1468 660 qui
1483 627 1566 650 curo
1582 627 1701 660 purga-

1006 672 1033 702 ri
1050 680 1156 702 meam
1171 670 1286 701 bilem.
1331 669 1513 700 Lambinus
1527 673 1641 700 tamen
1653 669 1701 700 le-

1006 721 1153 762 gendum
1184 730 1259 752 esse
1284 725 1414 759 censet,
1437 719 1449 736 ‘
1462 722 1587 760 purgo!
1614 719 1704 750 Nan-

1005 774 1087 805 nius.
1130 773 1196 806 Sub
1220 773 1321 813 verni,
1345 772 1416 813 ξω]
1439 772 1479 804 In
1502 781 1595 813 vere,
1612 772 1702 814 quod

1006 828 1139 865 tempus
1176 823 1434 866 purgationibus
1470 822 1703 864 Hippocrates

1007 874 1176 906 decernit.

1048 926 1111 955 303
1135 925 1271 956 Meliora
1283 921 1444 963 Poemata]
1452 922 1596 954 Meliora
1604 931 1704 964 quam

1007 983 1085 1014 ego,
1110 973 1176 1005 nisi
1201 983 1255 1005 me
1283 981 1476 1015 purgarem.
1524 971 1638 1003 Verum
1658 972 1705 1002 nil

1006 1023 1089 1054 tanti
1102 1023 1165 1063 est]
1186 1023 1330 1054 ·Irridet
1347 1031 1411 1062 per
1425 1019 1604 1060 σαρκσσμὸν
1617 1020 1704 1052 insa-

1006 1073 1107 1105 niam.
1148 1072 1309 1111 Tametsi,
1338 1070 1461 1115 inqnit,
1493 1070 1606 1110 magni
1636 1079 1706 1102 mo·

1007 1122 1115 1154 menti
1131 1122 1176 1153 sit
1187 1130 1312 1153 nomen
1328 1119 1463 1160 Poetae,
1478 1123 1592 1152 tamen
1609 1119 1654 1151 ob
1669 1119 1705 1151 id

1007 1180 1076 1202 non
1103 1171 1206 1212 cupio
1233 1170 1392 1203 insanire.
1435 1168 1486 1201 At
1507 1169 1602 1201 dicat
1618 1170 1707 1212 quis,

1008 1221 1088 1262 quid
1122 1225 1171 1262 tu,
1202 1221 1339 1260 Horati,
1368 1220 1396 1252 si
1423 1218 1535 1252 Poeta
1556 1229 1625 1252 non
1654 1230 1707 1261 es,

1008 1280 1111 1312 quare
1127 1271 1199 1303 sine
1221 1271 1365 1311 insania,
1381 1280 1456 1312 quoe
1473 1271 1623 1302 creatrix
1639 1270 1707 1302 Po-

1008 1321 1139 1352 e'tarnm
1165 1325 1231 1360 est,
1255 1320 1363 1352 tradis
1382 1323 1491 1350 artem
1506 1319 1705 1351 poeticam?

1009 1370 1094 1409 Ego,
1113 1369 1237 1410 inquit,
1258 1378 1333 1400 cum
1357 1367 1467 1399 Poeta
1487 1377 1561 1399 esse
1578 1377 1705 1409 neque·
1768 1406 1770 1408 v

1008 1428 1073 1460 am,
1088 1418 1230 1460 ‘fungar
1244 1419 1318 1450 vice
1333 1417 1446 1459 cotis,’
1461 1417 1525 1449 hoc
1541 1422 1607 1465 est,
1620 1419 1704 1451 meis

1007 1468 1043 1500 id
1059 1470 1242 1510 praeceptis
1259 1467 1416 1508 efficiam,
1440 1471 1480 1499 ut
1500 1467 1584 1499 alios
1600 1467 1643 1499 ad
1657 1468 1705 1508 id,

1009 1528 1077 1560 quo
1104 1519 1178 1560 ipse
1205 1528 1273 1551 non
1302 1516 1520 1557 contendam,
1547 1517 1706 1550 excitem.

1011 1568 1169 1600 Nunnius.

1052 1621 1116 1650 304
1139 1619 1200 1650 Nil
1211 1619 1295 1651 tanti
1305 1618 1367 1659 est]
1387 1618 1449 1650 Nil
1460 1617 1546 1649 tanti
1562 1617 1706 1655 estimo,

1010 1673 1051 1701 nt
1060 1669 1183 1701 adduci
1197 1669 1321 1710 possim
1334 1668 1377 1700 ad
1393 1667 1592 1700 imitandum
1602 1668 1707 1700 hosce

1013 1719 1284 1751 Democraticos.
1326 1719 1415 1759 Ergo
1427 1718 1555 1758 jungar·
1572 1717 1640 1749 vice
1657 1728 1707 1750 co-

1012 1769 1070 1809 tis]
1107 1770 1200 1811 Ergo
1228 1779 1293 1810 ego
1325 1769 1412 1801 cotis
1422 1789 1432 1796 -
1443 1777 1564 1799 munus
1593 1767 1708 1800 obibo.

1014 1819 1147 1859 Fungar
1168 1819 1235 1851 vice
1254 1818 1345 1859 cotis]
1376 1817 1465 1850 Vide
1480 1817 1559 1849 Pet.
1575 1816 1708 1850 Victor.

1012 1869 1094 1900 Var.
1112 1870 1209 1900 Lect.
1223 1878 1287 1901 xv.
1305 1871 1358 1900 14.

1055 1920 1117 1948 305
1142 1919 1246 1948 Exere
1269 1918 1338 1957 ipsa
1355 1917 1496 1957 secandi]
1519 1916 1601 1948 Sine
1616 1919 1707 1949 sorte

1013 1970 1048 1997 et
1060 1964 1226 1997 facultate
1241 1965 1390 1997 secandi.

1055 2018 1118 2047 306
1140 2016 1259 2047 Manu·
1268 2019 1300 2047 et
1309 2013 1455 2056 officium]
1476 2013 1620 2047 Docebo
1634 2023 1706 2046 mu·

1011 2073 1075 2096 nus
1089 2064 1284 2096 Poetarum.

1054 2116 1117 2145 307
1145 2115 1235 2146 Unde
1244 2117 1397 2155 parentur
1409 2112 1497 2155 opes]
1528 2113 1602 2146 Ista
1617 2123 1707 2146 com-

1013 2163 1108 2204 plent
1123 2162 1269 2195 officium
1293 2162 1424 2202 Ροὸίαε,
1440 2163 1470 2194 si
1485 2162 1707 2196 benefobset·h

1012 2217 1093 2245 vata
1117 2211 1253 2244 fuerint.
1284 2212 1443 2244 Nunnius.
1489 2211 1590 2252 Opes]
1611 2211 1706 2254 Ope·

1012 2263 1179 2302 Poeticae,
1198 2262 1233 2294 id
1249 2266 1316 2303 est,
1336 2271 1390 2294 res
1405 2265 1442 2293 et
1457 2260 1602 2293 facultas
1616 2261 1706 2294 Ροδ-

1013 2311 1095 2343 tica.
1140 2311 1226 2347 Quid
1238 2310 1483 2351 alatsormetque
1494 2309 1642 2350 Poeta]
1655 2310 1707 2342 Ut

1011 2361 1166 2392 nimirum
1174 2360 1264 2392 vires
1275 2369 1463 2402 nervosque
1472 2359 1618 2392 orationi
1628 2359 1707 2392 snb-

1012 2411 1192 2442 ministret.
1234 2410 1326 2443 Hinc
1338 2410 1457 2442 Cicero
1471 2419 1516 2442 ne
1527 2419 1706 2456 exaresce-

1012 2465 1077 2500 ret,
1091 2460 1238 2493 recurrit
1251 2460 1294 2492 ad
1310 2459 1451 2499 Poetae,
1472 2464 1511 2491 nt
1525 2468 1621 2491 sunm
1635 2463 1707 2492 atn-

1013 2509 1106 2541 dium
1117 2509 1213 2552 quasi
1224 2510 1315 2541 oleto
1330 2507 1598 2551 pinguefaceret.
1614 2509 1705 2542 Ναι-

1012 2559 1093 2591 ηἰω.
1138 2559 1223 2595 Quid
1256 2559 1337 2601 alat]
1368 2558 1526 2590 Iuventio
1560 2557 1704 2591 scilieet·

1014 2608 1198 2650 Formetque
1212 2607 1357 2648 Potitum]
1378 2607 1478 2642 Quod
1491 2606 1655 2639 informet
1668 2611 1707 2639 et

1013 2657 1160 2697 erudiat,
1182 2667 1304 2699 nempe
1324 2656 1496 2699 eloqnntio
1511 2655 1704 2697 etreliqua

1014 2711 1142 2749 partes.
1684 2714 1691 2726 ¹

1056 2760 1119 2790 308
1143 2758 1254 2796 Error,
1282 2756 1351 2800 ξω]
1382 2734 1489 2790 ΑιΊῑίιΙ
1505 2761 1542 2790 et
1567 2754 1702 2789 virtutis
