1858 3184
251 215 362 256 1810

251 320 485 353 Corneliorum
525 320 601 360 fuit,
627 325 663 352 ut
693 321 822 354 Asellio
851 322 946 353 Sem·

251 371 459 411 proniorum.
491 377 526 403 et
552 371 684 404 Asellus
705 371 946 404 Claudiorum.

249 421 462 463 Quamquam
499 422 585 453 hunc
614 422 750 454 Vinium
782 422 946 454 rusticum

248 472 411 514 aliquem,
425 478 461 504 et
477 472 612 513 quidem
628 471 748 504 Poetae
763 471 798 503 in
813 472 947 504 Sabinis

249 522 397 555 vicinum
438 521 543 555 fuisse
583 521 814 554 crediderim:
853 523 947 564 cujus

248 574 371 612 nempe
382 572 416 603 in
429 571 600 604 mandatis
614 571 657 603 ad
668 572 794 604 amicos
805 572 947 604 Romam

248 620 444 653 deferendis
480 631 587 663 opera
624 621 674 654 uti
706 628 947 656 consueverat.

252 673 395 704 Tor-rent.

303 725 321 755 1
349 722 392 753 Ut
422 721 682 764 proficiscentem]
721 722 948 755 Quemadmo-

252 771 343 805 dum.

300 824 321 853 2
343 822 490 862 Augusto
514 823 639 864 reddes]
663 822 720 854 Ita
741 822 864 855 reddes
879 821 947 855 Au-

249 875 350 912 gusto
365 881 440 904 mea
453 873 624 906 volumina
637 873 837 914 consignata
852 879 888 906 et
904 874 948 905 si-

249 922 330 963 gillo
345 922 522 964 impressa.

290 974 311 1004 4
341 972 394 1004 Ne
422 974 525 1006 studio
553 973 671 1015 nostri]
693 974 877 1006 Moderata
904 974 949 1006 sit

249 1030 356 1062 opera
371 1027 432 1056 tua
446 1024 481 1056 in
491 1024 590 1056 nobis
605 1029 642 1056 et
657 1024 782 1056 libellis
795 1024 949 1065 Angusto

249 1068 439 1104 tradendis.
467 1074 566 1114 Cruq.
613 1073 664 1105 Ne
678 1074 799 1115 studio]
824 1074 879 1107 Ne
898 1075 949 1106 ni·

249 1121 318 1152 mio
332 1121 367 1153 in
383 1131 444 1154 nos
459 1123 574 1154 studio
592 1132 728 1164 pecces.

291 1174 313 1204 6.
327 1170 460 1204 Sedulus
468 1173 631 1214 importes]
648 1173 794 1205 Nimiam
805 1173 951 1215 diligen-

249 1220 332 1252 tiam
344 1221 518 1255 adhibens.
544 1223 648 1263 Opera
657 1224 849 1266 vehemente]
863 1225 950 1258 Quae

249 1270 385 1302 modum
409 1281 475 1303 non
495 1277 621 1304 servet.
658 1273 800 1305 Terent.
834 1274 952 1306 Heau-

252 1325 342 1352 tont.
387 1321 598 1353 ‘Vehemens
622 1321 655 1352 in
676 1327 858 1363 utramque
874 1333 952 1364 par-

251 1373 320 1403 tem
336 1371 540 1403 Menedeme
554 1380 591 1402 es
607 1370 729 1403 nimis!
751 1372 879 1405 Quales
894 1373 951 1413 qui

252 1425 344 1461 sunt,
366 1430 434 1452 non
454 1426 523 1453 tam
539 1430 642 1462 agere
659 1421 693 1453 id
719 1421 810 1463 quod
835 1427 951 1463 agunt,

251 1480 352 1512 quam
377 1475 532 1511 satagere
556 1471 723 1504 videntur.
750 1471 839 1503 Torr-
885 1472 951 1503 Mi-

251 1519 370 1560 nister]
390 1519 496 1552 Quasi
509 1520 674 1552 minister.

294 1572 316 1602 6
325 1569 459 1602 Sanina
467 1570 600 1611 chartae]
611 1571 791 1603 Librorum
803 1570 949 1606 sarcina.

293 1621 314 1650 7
343 1619 497 1661 Amic-ito]
530 1620 663 1652 Abicere
687 1619 761 1652 fere
799 1620 954 1653 scribunt

252 1669 392 1708 optimae
420 1674 512 1701 notae
539 1670 779 1712 chirographa,
801 1674 840 1702 ut
867 1670 953 1702 ‘rei-

253 1717 358 1754 cere.'
382 1718 586 1758 ‘proicere-³
614 1719 751 1753 ‘Monet
776 1724 892 1751 autem
915 1723 955 1751 ut

253 1768 420 1799 sarcinam
445 1767 586 1809 abjiciat
613 1768 742 1808 potius,
764 1769 793 1800 si
816 1778 954 1809 gravem

253 1816 319 1848 sibi
335 1826 410 1848 esse
425 1818 564 1857 sentiat,
576 1827 677 1857 quam
691 1821 782 1849 uteo
796 1817 872 1853 loci,
887 1827 954 1858 quo

254 1865 305 1895 ire
327 1865 444 1905 jussus
467 1864 524 1900 sit,
547 1873 620 1895 eam
642 1864 706 1895 feri
729 1874 824 1896 more
845 1866 955 1896 lassus

254 1913 427 1946 excutiat:
445 1917 542 1944 tanto
554 1913 660 1952 magis
675 1912 847 1948 ridendus,
863 1913 955 1954 quod

255 1963 323 1995 tale
341 1967 519 2002 parent-um
534 1970 724 2002 cognomen
740 1960 842 1992 ferat.
875 1962 954 1994 Jam

254 2021 337 2051 vero
351 2011 481 2043 <ferum
492 2010 501 2024 '
517 2011 619 2043 etiam
635 2010 790 2042 absolute
806 2010 850 2041 de
865 2020 955 2051 equo

256 2063 338 2102 dici,
360 2067 397 2094 ut
411 2063 465 2094 hic
477 2062 520 2093 de
541 2066 550 2080 ⁸
565 2059 696 2099 Asin0‚'
713 2060 794 2092 alibi
817 2065 954 2094 notasse

254 2113 414 2146 memini:
439 2112 505 2144 uisi
521 2121 582 2153 pro
598 2112 723 2152 agresti
734 2110 954 2151 interpretari

256 2163 363 2196 malis.
387 2163 531 2195 Tor-rent.

299 2216 320 2245 8
337 2213 478 2244 Clitellas
487 2212 581 2250 serus
595 2209 767 2251 impingas]
790 2209 846 2242 Ne
869 2213 954 2241 tam-

257 2272 358 2305 quam
373 2261 532 2303 stupidus
552 2261 614 2293 sub
629 2270 732 2293 onere
748 2268 900 2290 meorum
915 2260 954 2290 li-

256 2313 393 2346 brorum
409 2321 562 2349 corruas,
585 2311 732 2343 clitellas
753 2310 840 2353 asini
861 2319 954 2342 more

257 2362 291 2393 in
317 2367 443 2395 terram
469 2360 700 2404 impingendo,
716 2360 819 2401 idque
837 2360 871 2391 in
887 2359 954 2390 Au-

259 2412 348 2453 gusti
359 2411 478 2453 oculis,
484 2421 560 2445 cum
570 2411 718 2444 eilibros
727 2409 854 2442 tradas.
878 2409 955 2442 Ass·-

257 2471 364 2501 noeque
393 2461 572 2503 paternum]
607 2461 803 2502 cognomen
845 2460 955 2501 patris

260 2515 336 2541 erat
353 2511 469 2543 Asina.

303 2562 324 2590 9
349 2560 394 2590 Et
410 2559 523 2598 fabula
536 2560 621 2602 fias]
641 2560 682 2595 Iu
698 2570 759 2593 ora
783 2559 956 2594 hominum

261 2617 323 2650 pro
340 2608 485 2640 ludibrio
501 2611 628 2642 venias.

306 2659 347 2688 1⁰
367 2657 495 2690 Viribus
510 2660 624 2700 uteris]
646 2660 695 2692 Ut
709 2669 776 2702 quo
793 2659 858 2701 vis,
880 2669 958 2701 per·

261 2708 392 2741 venias.
435 2707 501 2740 Per
524 2708 634 2748 clivos]
657 2710 726 2741 Pei·
741 2710 884 2742 Romam
899 2710 959 2743 cli·

262 2766 392 2799 vonam,
413 2757 448 2790 id
471 2762 538 2799 est,
565 2760 787 2799 septicollem.
831 2758 960 2800 um]

264 2807 294 2830 „0

710 227 850 257 NOTAE
885 228 1109 258 VARIORU
1120 229 1151 257 M
1189 228 1238 258 IN

1000 323 1112 354 Vetus
1130 323 1281 354 Lexicon
1298 322 1345 353 sic
1362 322 1486 355 habet:
1508 323 1623 363 Iamo,
1639 337 1698 363 η-

998 372 1106 404 λώδειε
1122 371 1225 403 τόποι·
1249 371 1361 413 qualia
1377 371 1538 411 ferarum,
1553 375 1699 406 maxime

998 430 1170 461 aprorum,
1195 415 1325 452 lustra:
1356 431 1376 453 a
1399 421 1521 462 quibus
1547 422 1700 455 sordibus

998 471 1100 502 etiam
1114 470 1302 511 prostibula
1313 475 1321 490 ‘
1333 470 1459 502 lustra'
1473 471 1702 512 appellantur.

999 522 1084 553 Sunt
1102 521 1157 560 qui
1174 520 1283 551 Laemu
1301 519 1518 552 scribendum
1533 518 1698 562 putansa
1730 561 1735 566 1

999 570 1123 602 Groeco
1139 569 1262 609 λαιμός·
1283 579 1351 611 quo
1363 570 1470 602 verbo
1485 571 1588 602 etiam
1605 578 1702 612 vora-

999 629 1043 661 go
1058 619 1281 659 significatur.
1302 620 1445 652 Torrent.
1489 619 1622 661 hm]
1637 620 1704 653 Ian-

999 678 1104 701 cunas
1135 669 1280 710 majores
1320 670 1540 702 continentes
1577 679 1701 712 aquarn

999 719 1162 759 pluviam,
1179 719 1234 751 vel
1244 718 1422 751 fluviorum
1439 719 1562 752 fossas.

1044 771 1082 800 ll
1110 769 1216 801 Victor
1239 769 1406 810 propositi]
1429 769 1618 811 Postquam
1645 771 1702 802 iti-

1000 820 1073 851 nire
1089 819 1262 858 confecto,
1275 820 1492 861 superaveris
1505 825 1542 852 et
1557 820 1702 852 eviceris

1000 871 1064 902 viae
1087 869 1310 902 difficultates
1343 870 1406 902 tibi
1435 867 1642 912 propositas,
1665 875 1703 903 et

1000 920 1066 952 iter
1091 919 1291 952 confeceris.
1315 921 1412 962 Cruq.
1463 921 1573 954 Victor
1591 930 1706 963 propo-

999 971 1071 1012 siti]
1093 973 1240 1014 Compos
1265 972 1349 1005 voti.
1393 972 1491 1014 Illuc]
1514 972 1570 1005 Ad
1597 973 1703 1004 aedeis

1002 1021 1160 1061 Augusti.

1045 1074 1086 1103 12
1099 1071 1155 1103 Sic
1166 1071 1302 1112 positam
1309 1072 1448 1104 masis
1461 1072 1555 1113 onus]
1577 1072 1706 1104 Postu-

1001 1121 1051 1152 lat
1076 1121 1175 1161 lepor
1190 1121 1326 1162 Poetae,
1345 1122 1404 1163 qni
1420 1118 1475 1153 est
1489 1120 1702 1153 incredibilis

1003 1171 1038 1203 in
1061 1171 1126 1203 hac
1149 1171 1318 1212 Epistola,
1349 1172 1502 1210 rescribi,
1530 1168 1706 1213 Sepositus»

1001 1220 1138 1252 servabis
1153 1230 1239 1253 onus.
1284 1221 1382 1261 Cum,
1392 1221 1517 1263 inquit,
1527 1231 1569 1254 eo
1585 1231 1708 1263 perve-

1002 1270 1106 1305 neris,
1131 1279 1276 1310 sepones
1302 1280 1402 1311 onus,
1425 1279 1536 1312 neque
1563 1270 1706 1302 ridicule

1003 1320 1066 1351 sub
1082 1320 1136 1350 ala
1153 1319 1319 1359 gestabis:
1344 1330 1388 1351 ne
1412 1321 1546 1361 aulicis,
1569 1325 1606 1352 et
1628 1320 1707 1361 ipsi,

1002 1378 1101 1410 quem
1125 1368 1211 1404 adis,
1242 1369 1401 1410 principi,
1431 1371 1535 1402 risum
1565 1369 1706 1402 debeas.

1007 1419 1167 1450 Heinsius.
1213 1418 1428 1459 Sicpositum]
1445 1420 1523 1452 Hoc
1539 1420 1655 1460 modo,
1670 1419 1707 1451 id

1003 1470 1203 1508 est‚decoro
1218 1474 1317 1510 gestu
1330 1470 1463 1502 libellos
1476 1480 1569 1502 meos
1583 1471 1618 1502 in
1634 1481 1706 1502 ma-

1003 1519 1100 1551 nibus
1116 1519 1183 1551 tuis
1200 1520 1343 1551 tenebis.
1389 1520 1538 1559 Nesos-le
1559 1520 1617 1552 sub
1638 1519 1706 1560 ala]

1002 1570 1052 1601 Ut
1069 1579 1133 1600 non
1149 1569 1212 1600 sub
1226 1569 1370 1601 brachio
1385 1570 1418 1602 in
1435 1570 1541 1602 oculis
1556 1570 1707 1602 omnium

1003 1619 1108 1651 libros
1123 1626 1216 1651 meos
1234 1624 1364 1660 portes,
1376 1621 1466 1652 sicut
1480 1620 1627 1652 rusticus
1641 1619 1707 1652 sub

1004 1670 1059 1701 als
1074 1674 1192 1710 portat
1208 1680 1348 1712 agnum,
1364 1671 1420 1702 vel
1436 1675 1473 1702 ut
1493 1670 1642 1711 Pyrrhia
1656 1661 1711 1702 te!

1005 1719 1155 1751 mulents
1170 1723 1286 1760 portat
1303 1720 1447 1760 glomos,
1461 1719 1495 1750 id
1512 1723 1578 1758 est,
1594 1720 1705 1760 sphe—

1005 1769 1096 1800 rulas
1112 1778 1156 1799 ex
1180 1768 1238 1800 fflo
1264 1770 1379 1808 lanae3
1403 1770 1471 1809 vel,
1494 1774 1534 1802 ut
1561 1770 1708 1801 conviva

1005 1816 1142 1849 domum
1155 1818 1289 1849 rediens
1301 1818 1388 1849 bene
1402 1823 1518 1859 potus,
1529 1819 1657 1860 pileum
1671 1823 1708 1851 et

1005 1868 1140 1898 calceos
1157 1871 1270 1907 gestat
1285 1867 1348 1898 sub
1364 1867 1513 1900 brachio.

1049 1917 1089 1945 14
1109 1916 1154 1946 Ut
1166 1915 1274 1947 vinosa
1285 1916 1420 1955 glomos]
1442 1917 1536 1947 Libri
1555 1916 1622 1948 duo
1636 1919 1707 1957 glo-

1004 1963 1068 2003 bos,
1097 1965 1212 2004 plures
1240 1965 1363 2003 glomos
1383 1964 1525 1998 habent.
1570 1966 1708 1998 Dicitur

1004 2014 1106 2045 etiam
1119 2015 1128 2031 ‘
1139 2014 1283 2053 glomus,
1292 2013 1451 2054 glomeris
1460 2013 1482 2054 ;’
1505 2015 1594 2047 unde
1611 2017 1622 2034 ‘
1637 2016 1710 2056 glo·

1003 2062 1207 2094 meramina’
1222 2063 1392 2103 Lucretio,
1407 2066 1446 2095 et
1458 2064 1601 2096 verbum
1616 2065 1708 2105 ‘glo-

1004 2112 1158 2144 merare’
1188 2112 1295 2145 Ovid.
1325 2113 1415 2146 Met.
1439 2121 1517 2145 xxv.
1554 2114 1706 2146 ‘Lanam

1004 2163 1214 2204 glomerabat
1229 2164 1263 2194 in
1279 2163 1405 2196 orbes.'
1454 2164 1569 2197 Vinios·
1592 2170 1707 2198 autem

1005 2212 1179 2253 proprium
1209 2213 1355 2245 aniculas
1378 2212 1506 2245 bibacis
1528 2213 1707 2255 epitheton

1004 2267 1079 2294 est:
1117 2272 1180 2294 nec
1204 2261 1326 2294 dubito
1354 2263 1436 2304 quin
1458 2264 1552 2295 locus
1575 2263 1640 2295 iste
1662 2273 1708 2296 ex

1005 2312 1112 2343 Mimo
1125 2312 1239 2352 aliquo
1251 2311 1428 2344 demimus
1442 2312 1499 2344 sit.
1519 2313 1664 2347 Tor-rent.

1048 2363 1088 2392 15
1107 2361 1185 2391 Cum
1197 2360 1308 2401 pileolo
1321 2362 1435 2402 soleas]
1458 2361 1619 2393 videnda
1629 2371 1706 2404 qum

1005 2410 1199 2450 scripsimus
1227 2411 1271 2441 ad
1295 2410 1390 2442 illum
1418 2411 1554 2452 Satyrae
1576 2412 1705 2444 ulti-se

1004 2460 1137 2492 locum:
1159 2460 1169 2477 ‘
1184 2464 1220 2491 et
1245 2460 1356 2492 soleas
1384 2459 1517 2500 poscit:
1561 2460 1707 2493 ‘Tribu-

1005 2509 1093 2540 lem'
1109 2519 1247 2551 quoque
1273 2514 1281 2527 ¹
1293 2509 1471 2542 convivam
1484 2509 1494 2523 '
1517 2516 1620 2542 neat
1644 2511 1707 2543 bu-

1006 2560 1118 2592 milem
1134 2569 1174 2591 ac
1189 2559 1378 2601 plebeium3
1401 2563 1439 2592 ut
1453 2560 1555 2592 vieini
1570 2559 1644 2593 fere
1667 2565 1706 2592 et

1008 2610 1066 2651 qui
1074 2610 1227 2651 ejusdem
1237 2609 1347 2641 tribus
1358 2615 1452 2651 sunt,
1461 2611 1642 2643 convenire
1653 2620 1706 2643 so-

1006 2659 1091 2692 lent.
1120 2659 1268 2691 Turneb.
1280 2668 1346 2691 vu.
1366 2662 1419 2692 11.
1438 2665 1474 2691 111
1491 2667 1628 2692 xxvm.
1650 2662 1705 2692 ³⁸.

1011 2709 1102 2741 Torr.
1157 2709 1308 2752 Tribulis]
1335 2709 1480 2743 Vicinus
1510 2718 1552 2741 ex
1583 2710 1703 2743 eadem

1008 2759 1111 2792 tribu.
