1858 3184
478 239 688 271 HoRA‘rn
721 236 1072 288 EPISTULARUM
1106 236 1202 268 mn.
1233 236 1288 268 11.
1315 226 1359 268 2.

196 369 200 371 ,
236 336 278 366 43
294 333 443 373 Adjeem
453 332 555 372 bna]
577 331 668 370 Laus
681 330 888 363 Athenarum

196 384 239 416 ab
254 383 384 415 artibus
395 388 431 415 et
444 380 634 423 disciplinis
649 379 757 420 bonis,
778 377 888 420 qualis

195 434 305 465 omnis
332 438 385 465 est
409 430 581 464 rationalis
605 427 798 469 disciplina,
813 436 889 469 quae

195 491 314 515 verum
335 487 372 515 et
394 486 525 514 rectum
550 479 753 521 dignoscere
777 477 890 510 docet·

233 584 277 614 44
290 581 335 613 Ue
345 590 564 622 passerumve
573 581 752 620 dignoscere
759 576 891 618 rectam]

194 630 289 662 Libri
303 631 434 671 antiqui
451 639 548 671 pune
562 638 678 676 omnes
698 629 804 660 eelim
826 636 890 668 pro

191 680 459 721 poue-legunt:
482 678 761 720 adscriptumque
776 677 810 709 in
822 686 890 708 uno

194 733 299 770 atque
326 729 445 768 altero,
473 727 648 760 modestiae
684 736 806 759 caussa
842 727 891 758 sic

193 777 336 811 Poetam
361 777 476 820 loqui:
499 786 661 818 germana
685 777 792 818 igitur
816 776 891 808 ltaec

194 827 364 869 scriptura
392 831 472 866 est3
504 837 581 860 nam
613 827 732 860 eadem
762 827 891 859 ratione

192 877 276 910 dicti
313 877 525 919 Philosophi.
567 878 739 910 Dinon-ere
775 877 891 918 etiam,

193 936 257 968 pro
280 927 460 967 dignoscere
488 927 641 960 scribunt
670 927 891 959 vetustissimi

193 976 339 1010 codices.
364 977 454 1010 Tor-r.
500 978 604 1010 emo
626 978 808 1019 dignoscere
825 988 892 1010 rec·

195 1027 279 1069 tun]
304 1029 436 1060 Bonum
452 1039 472 1060 a
488 1039 604 1070 pravo.

237 1080 280 1109 4⁵
302 1079 405 1118 Atque
418 1078 502 1110 inter
519 1079 639 1121 sylvus]
662 1080 760 1112 Inter
773 1080 891 1112 obscu-

198 1135 254 1159 ros
269 1127 495 1168 Philosophus
510 1128 750 1170 Academicos,
763 1130 813 1162 sic
822 1131 893 1162 dic·

200 1183 252 1211 tos
262 1178 307 1210 ab
314 1178 487 1211 Academo
496 1179 711 1221 Atheniensi,
718 1181 777 1222 qni
788 1180 894 1212 Athe·

197 1229 251 1263 nis
266 1233 499 1261 construxerat
514 1230 695 1271 porticum,
708 1240 783 1273 quae
801 1236 895 1272 post·

197 1288 241 1310 ea
268 1277 456 1310 Academia
482 1281 654 1311 nominata
682 1285 746 1312 est.
789 1281 895 1321 Atque

196 1328 281 1359 inter
295 1328 392 1360 silva
405 1327 567 1369 Acade-ai,
586 1330 659 1371 ξω]
681 1329 798 1362 Scribe
815 1331 894 1362 Ece-

195 1376 291 1416 άειιιί,
305 1382 343 1409 ut
355 1383 392 1409 et
403 1377 436 1408 in
449 1376 584 1410 Acrone
598 1379 673 1420 ejus
684 1378 893 1421 Interprete.

198 1426 332 1460 Auctor
354 1427 635 1468 proverbiorum:
667 1428 838 1469 Ἀκαδημία
860 1429 895 1462 δὲ

197 1476 237 1515 ἦν
262 1476 436 1517 γυμνάσιον
463 1478 510 1512 ἐν,
524 1476 677 1520 Ἀθήναις,
709 1478 895 1520 προάστειον

196 1521 567 1569 ἆλσῦδες,ἐνῦδιάνριβε
576 1527 894 1566 Πλάτων,ἆπὸ”Ακα-

197 1576 296 1617 δήμου
307 1577 392 1610 τινὸς
411 1577 508 1618 ἥρωος
527 1577 709 1618 ὀνομασθέν.
752 1580 843 1612 Vide
859 1584 895 1612 et

197 1626 348 1664 Suidam.
379 1632 416 1659 et
435 1627 656 1669 Stephanum.
679 1628 800 1660 Mars.
824 1629 895 1660 Ea:-

197 1685 261 1708 ere.
289 1676 402 1709 ericio.
425 1680 512 1717 part.
540 1686 582 1708 11.
605 1687 640 1717 p.
665 1680 741 1709 213.
792 1677 896 1710 &leus

200 1726 367 1766 Academi]
404 1725 589 1757 Academia
619 1727 715 1758 locus
752 1727 896 1759 Athenis

199 1775 423 1814 suburbanus,
441 1776 595 1816 plurimis
618 1776 897 1818 pnlcerrimisqne

201 1824 378 1856 arboribus
394 1826 555 1861 consitus,
577 1826 713 1866 templis
730 1831 897 1867 praeterea

201 1878 238 1906 et
250 1873 430 1906 illustrium
448 1874 596 1906 virorum
609 1877 833 1908 monumentis
847 1886 899 1908 or-

200 1929 317 1963 natus,
343 1923 388 1956 ab
410 1922 588 1965 Academi,
612 1924 670 1965 qni
690 1934 767 1956 eum
782 1934 898 1957 conse·

199 1978 370 2015 oraverat,
401 1975 535 2006 nomine
563 1974 697 2007 dietus:
720 1985 820 2018 quem
844 1981 896 2008 ta-

199 2034 278 2067 men
309 2024 413 2066 aliqui
442 2023 453 2040 ‘
469 2023 725 2061 Echedemum:
752 2030 788 2056 et
816 2025 896 2057 inde

200 2075 212 2093 ⁸
227 2072 466 2106 Echedemiam
483 2072 494 2087 ²
531 2073 750 2115 appellarunt
767 2085 776 2104 :
818 2084 893 2106 auc-

200 2129 294 2157 tores
319 2123 409 2155 inter
429 2123 513 2155 alios
535 2123 728 2164 Stephanus
749 2129 786 2156 et
813 2124 896 2156 Plu-

199 2174 337 2206 tarchns
350 2173 384 2204 in
399 2173 530 2205 Theseo
544 2178 583 2205 et
591 2174 695 2214 Sylla.
726 2174 820 2206 Hinc
833 2174 896 2215 igi-

201 2228 259 2256 tur
286 2221 448 2255 Academi
472 2226 607 2254 veteres
637 2228 675 2255 et
703 2224 804 2256 novi:
835 2224 896 2255 sed

202 2278 335 2306 veteres
357 2272 531 2314 precipue
553 2277 689 2304 secutus
707 2272 772 2305 fuit
787 2273 897 2306 Hora-

202 2324 281 2356 tius.
307 2324 453 2354 Tor-rent.

243 2375 287 2405 46
309 2372 402 2404 Duru
417 2372 471 2402 sed
492 2372 647 2412 amovere]
669 2372 768 2405 Bella
782 2373 896 2405 civilia

201 2424 295 2456 inter
310 2422 455 2453 Brutum
471 2426 508 2452 et
523 2421 704 2453 Octavium
720 2432 773 2454 me
789 2422 896 2455 Athe·

203 2472 255 2503 nis
269 2471 485 2510 expulerunt.
519 2470 686 2511 Emere]
698 2470 754 2502 Sic
770 2476 807 2503 et
821 2481 897 2503 nos·

204 2520 250 2552 tri
260 2519 395 2551 codices
410 2528 507 2559 paene
530 2527 669 2550 omnes:
698 2524 816 2560 recte;
839 2532 896 2553 vo-

204 2568 361 2602 cabulum
381 2568 471 2598 euim
498 2567 640 2598 Horatio
661 2567 844 2611 frequens3
859 2575 898 2602 ut

205 2627 255 2651 ιν.
280 2616 348 2648 Od.
366 2619 419 2647 15.
441 2616 451 2633 ‘
465 2616 665 2658 Emovitqne
690 2619 834 2660 culpas.’
856 2630 896 2652 ιι.

204 2669 279 2702 Sat.
307 2668 340 2698 3.
376 2666 386 2682 ‘
401 2665 538 2705 Emovit
558 2670 706 2699 veterem
729 2668 812 2700 mire
838 2678 897 2700 no-

206 2715 289 2748 vus!
313 2715 455 2746 Tor-rent.

246 2767 286 2800 47
311 2763 446 2808 Βιιάεηι]
470 2764 636 2799 Nimirum
657 2765 897 2809 Philosophiae,

1525 226 1638 270 1867

937 337 1005 360 non
1019 336 1187 360 armorum
1204 327 1405 360 studiosum.
1422 329 1518 369 Cruq.
1551 330 1638 362 Tulit

937 381 1035 410 oeetus
1047 378 1083 410 in
1095 377 1199 418 urm]
1222 378 1340 409 Motus
1356 377 1468 409 civilis
1482 387 1536 409 rne
1562 379 1638 410 abs-

938 429 1019 461 tulit
1041 428 1084 460 ad
1118 433 1236 470 partes
1256 427 1445 467 Brutinas;
1468 437 1544 468 quae
1568 427 1638 460 for-

938 478 1079 510 titudini
1102 478 1245 510 militum
1274 476 1422 519 Augusti
1447 486 1516 509 non
1540 483 1638 510 erant

938 536 1052 569 pares.

981 580 1024 610 48
1047 577 1207 619 Laertia]
1233 577 1385 610 Viribus.

980 630 1024 660 ⁴19
1045 627 1150 659 Simul
1173 628 1309 668 primum
1337 627 1399 668 nte]
1434 628 1546 662 Quam
1570 628 1639 669 pri·

939 688 1045 717 mum,
1073 678 1191 710 statim
1222 683 1272 711 ut.
1326 678 1485 719 Philippi]
1507 678 1638 710 Civitas

938 728 1125 760 Thessalia
1141 738 1162 760 a
1173 729 1338 770 Philippo
1353 728 1557 769 instaurata,
1568 738 1640 760 mu-

940 784 1015 811 tato
1040 779 1188 819 nomine,
1210 789 1286 812 cum
1315 778 1446 812 Dathos
1465 784 1567 821 aut-ea
1594 779 1643 811 di·

938 834 1089 868 meretur,
1118 829 1253 871 gemina
1279 829 1510 861 Romanorum
1542 829 1640 860 clade

939 879 1122 920 insignita:
1146 878 1304 920 Pompeii
1327 879 1485 920 primum,
1514 877 1640 910 deinde

939 929 1039 961 Bruti
1052 933 1088 961 et
1103 929 1211 962 Cassii
1226 929 1392 961 adversus
1408 928 1579 960 Caesarem
1603 932 1641 960 et

939 979 1154 1020 Augustum3
1177 978 1269 1011 unde
1293 982 1328 1010 et
1352 978 1477 1010 bellum
1494 977 1577 1009 illud
1594 977 1642 1010 ci·

940 1030 1007 1061 vile
1024 1029 1247 1071 Philippense
1263 1033 1362 1061 vocat
1373 1027 1567 1060 Suetonius.
1592 1027 1642 1059 At

940 1079 1123 1111 Lambinus
1139 1079 1172 1110 in
1195 1079 1340 1111 Thracia
1359 1079 1527 1110 collocat:
1551 1077 1641 1117 ideo,

941 1128 1057 1169 credo,
1088 1129 1178 1170 quod
1209 1138 1273 1169 per
1299 1138 1436 1169 campos
1465 1128 1641 1160 Emathios

941 1178 1033 1210 bella
1060 1179 1119 1210 illa
1148 1184 1297 1220 pugnata
1326 1179 1484 1211 Lucanus
1512 1177 1643 1216 scribit,

943 1228 1100 1271 quodque
1114 1229 1125 1247 ‘
1139 1229 1290 1260 Emathii
1306 1228 1457 1270 Philippi
1470 1228 1479 1241 ’
1496 1227 1643 1260 Ovidius

943 1279 1043 1311 dixit.
1098 1278 1168 1311 Sed
1197 1278 1318 1310 Poetis
1347 1278 1428 1310 lieet
1458 1277 1642 1309 vicinarum

943 1329 1095 1369 gentium
1109 1327 1247 1360 nomina
1260 1326 1433 1359 interdum
1454 1325 1643 1358 confunde-

942 1387 1002 1410 re:
1023 1382 1059 1410 ct
1080 1376 1283 1410 ‘Emathia'
1305 1386 1374 1409 non
1394 1375 1540 1408 Thracia
1554 1376 1641 1417 ipsa,

943 1428 1005 1460 sed
1021 1428 1173 1460 Thraciae
1195 1427 1351 1463 finitima.
1374 1436 1454 1468 pars
1474 1426 1643 1458 Macedo-

943 1477 1008 1510 nite
1031 1483 1103 1510 est:
1127 1482 1163 1510 et
1187 1478 1314 1519 alioqui
1340 1482 1455 1509 notum
1481 1476 1638 1508 omnibus

943 1527 975 1558 in
991 1528 1121 1569 campis
1136 1526 1352 1567 Pharsalicis,
1366 1536 1450 1569 quos
1457 1526 1642 1558 Thessaliae

944 1577 1094 1618 assignat
1127 1577 1274 1616 Plinius,
1309 1580 1495 1618 pugnatum
1525 1574 1643 1607 fuisse.

947 1626 1294 1668 Torrent.P1tilippi]
1327 1626 1480 1667 Philippi
1504 1626 1587 1657 urbs
1607 1625 1643 1657 in

944 1676 1104 1716 Thracia,
1117 1685 1138 1707 a
1154 1676 1315 1717 Philippo
1329 1674 1480 1707 condita.

988 1728 1030 1756 50
1052 1725 1178 1757 Dec-isis
1200 1726 1347 1757 humilem
1365 1724 1493 1765 pennis]
1525 1724 1645 1766 Digni-

946 1778 1021 1806 tate
1051 1775 1175 1806 amissa
1211 1780 1248 1806 et
1278 1773 1413 1816 opibus.
1458 1774 1645 1816 Inopes-qu

942 1825 1084 1866 putem]
1106 1825 1248 1866 Inopem
1270 1834 1333 1866 per
1347 1824 1643 1866 proscriptionem,

947 1874 1036 1916 qnod
1052 1879 1190 1906 secutus
1203 1878 1297 1907 esset
1310 1878 1427 1915 partes
1444 1875 1558 1907 Bruti.

989 1927 1029 1956 ⁶1
1063 1925 1111 1955 Et
1137 1924 1248 1966 Laris]
1281 1924 1399 1956 Totins
1437 1924 1644 1965 patrimonii.

945 1974 1124 2014 Paper-tas
1137 1973 1262 2015 inpulit
1273 1972 1394 2014 ndat]
1418 1974 1547 2006 Notum
1558 1975 1643 2007 illud

943 2032 968 2054 e
994 2032 1052 2055 ιιι.
1078 2022 1147 2054 Od.
1172 2025 1227 2055 24.
1249 2023 1437 2065 ‘Magnum
1465 2024 1644 2065 pauperies

946 2073 1177 2115 opprobrium,
1191 2073 1297 2114 jubet
1315 2073 1461 2107 Quidvis
1476 2079 1513 2106 et
1527 2073 1644 2107 facere

947 2129 983 2155 et
995 2122 1092 2164 pati.'
1127 2123 1283 2156 Accedat
1297 2124 1435 2166 elegans
1455 2124 1644 2167 Mimogra-

947 2173 1006 2215 phi
1040 2173 1214 2206 senarius:
1250 2174 1261 2191 ‘
1278 2173 1458 2205 Hominem
1490 2175 1643 2216 experiri

946 2224 1053 2255 multa
1068 2228 1253 2264 paupertas
1263 2223 1391 2264 jubet.’
1409 2224 1551 2255 Torreat.
1576 2224 1645 2256 Διι·

946 2274 1026 2314 dux]
1036 2273 1225 2313 Paupertas
1236 2272 1362 2303 laboris
1371 2273 1552 2313 Magistra,
1561 2273 1643 2316 qnid

946 2332 1014 2355 non
1027 2321 1133 2354 audet
1150 2322 1323 2363 experiri?

988 2376 1031 2405 ⁵2
1051 2373 1095 2405 Ut
1108 2371 1375 2411 versussacerem]
1395 2371 1450 2403 Ad
1466 2372 1643 2414 acquiren-

946 2422 1023 2455 dam
1034 2423 1174 2463 gratiam
1186 2422 1330 2453 virorum
1342 2422 1545 2462 principum,
1556 2423 1643 2456 Με-

947 2472 1079 2504 cenatis
1109 2471 1286 2512 imprimis,
1315 2474 1353 2501 ut
1381 2470 1456 2511 ejus
1482 2473 1643 2512 praesidio

947 2521 1186 2552 conciliaretur
1212 2519 1378 2558 Augusto.
1404 2520 1501 2562 Craq.
1550 2522 1644 2559 Qua

946 2581 1007 2602 uon
1021 2571 1102 2601 desit
1111 2568 1287 2609 habentem]
1302 2569 1481 2602 Sententia
1489 2577 1554 2609 est,
1564 2582 1643 2606 enm

947 2620 1005 2660 qui
1019 2619 1152 2649 firmum
1168 2618 1295 2660 aliquid
1315 2628 1356 2651 ac
1378 2620 1501 2653 stabile
1519 2628 1642 2655 nactus

947 2669 1004 2703 sit,
1019 2669 1074 2699 cui
1090 2667 1197 2699 fidere
1211 2668 1343 2701 scilicet
1356 2674 1393 2702 nt
1409 2672 1549 2712 proprio
1564 2682 1640 2714 pos-

947 2718 1005 2753 sit,
1021 2727 1082 2758 pro
1097 2718 1215 2749 insano
1229 2717 1418 2752 habendum
1436 2729 1522 2760 esse,
1543 2721 1570 2753 si
1594 2722 1641 2753 ul-

948 2772 1003 2800 tra
1027 2767 1211 2803 scribendis
1233 2767 1384 2802 versibus
1399 2779 1436 2802 se
1451 2770 1638 2804 excruciet.
