1858 3184
248 239 360 281 1790

248 349 343 375 mox:
365 343 377 362 ⁴
391 343 442 374 Tu
460 343 571 384 pulses
586 352 684 375 omne
699 342 790 385 quod
806 343 939 376 obstet:

249 395 359 427 Quam
387 393 705 434 interpretationem
729 393 806 425 ideo
834 393 942 425 liben-

246 443 316 475 tina
330 442 533 484 amplector,
547 443 636 485 qnod
652 444 685 474 in
708 452 832 484 campo
848 444 941 475 Mar-

247 493 311 533 tio,
326 493 383 524 ubi
405 492 543 525 comitia
557 492 696 533 fiebant,
712 502 787 533 quae
803 494 856 525 vel
871 503 942 526 mo·

247 543 311 582 les,
339 542 393 574 vel
421 542 598 582 machinae,
625 543 678 573 vel
715 551 851 574 sarraca
883 548 942 576 aut

247 591 402 631 plaustra
447 591 655 631 prensationi
699 592 942 632 impedimento

245 649 323 671 esse
348 641 520 680 potuerint
541 640 670 681 ignoro.
731 642 808 673 Nec
840 643 943 674 Frau-

247 691 337 722 cisco
366 690 503 722 Florido
538 691 718 731 assentior,
743 693 801 734 qui
826 694 943 733 ponde-

246 751 284 771 ra
324 750 386 781 pro
427 740 559 772 lecticis
599 742 847 783 interpretatus
889 749 943 775 est

248 791 342 823 Lect.
367 791 610 823 succisivarum
644 801 670 824 1.
697 795 730 825 9.
787 793 878 824 Vide
907 797 943 825 et

247 841 507 884 Turneb.xxn.
519 844 551 874 8.
568 842 689 874 Franc.
713 842 840 874 Luisini
859 843 942 874 Par-

247 900 351 932 ergon
367 900 423 922 nt.
438 894 493 923 41.
512 892 653 923 Tor-rent.
703 892 863 934 Pondera]
877 893 941 924 Vel

247 941 399 983 pondera
411 941 466 973 bic
477 942 640 982 nominat,
647 952 727 974 saxa
739 944 943 984 ponderosa,

249 992 374 1033 trabes,
383 997 419 1024 et
428 992 606 1035 ejusmodi,
617 1003 693 1035 quae
706 994 858 1026 nominat
872 994 943 1026 He-

247 1042 383 1082 sychius
393 1041 565 1080 στήλωνες,
577 1044 687 1083 pontis
699 1043 774 1075 loco
786 1045 820 1075 in
830 1044 943 1075 hieme

246 1093 436 1132 praesertim
460 1092 640 1123 itineribus
662 1093 833 1133 projectos
858 1093 942 1134 lapi-

246 1139 308 1171 des
333 1140 513 1180 ingenteis,
534 1141 707 1182 στι-ἥλωκε,
729 1143 896 1183 inquiens,
914 1143 944 1174 οἱ

246 1189 380 1232 πρὸς-τῇ·
393 1189 486 1227 βάσει
499 1190 590 1223 λίθοι.
635 1191 736 1223 Unde
758 1191 842 1224 illud
863 1202 944 1234 quo-

247 1250 314 1281 que
337 1245 392 1273 est
406 1241 501 1282 Virg.
515 1242 644 1283 Georg.
660 1251 711 1273 iv.
734 1242 778 1274 de
799 1243 942 1283 apibus:

247 1292 257 1310 ⁸
274 1291 321 1322 Et
348 1291 491 1330 grandia
512 1291 644 1332 conjice
667 1301 761 1331 saxa,
777 1292 944 1324 Pontibus

248 1344 288 1371 ut
301 1340 430 1371 crebris
445 1341 577 1380 possint
593 1341 802 1373 consistere-¹
824 1342 922 1383 στας.

289 1393 331 1422 52
354 1390 540 1431 Pon-igere]
571 1391 734 1423 Gratioso
763 1391 855 1432 apud
882 1392 944 1424 ali-

247 1448 349 1480 quam
366 1439 513 1471 tribuum
540 1439 619 1471 civi.
664 1440 731 1472 Hic
754 1441 885 1472 multum
910 1441 944 1472 in

247 1487 349 1521 Fabia
370 1490 467 1528 valet,
480 1489 533 1521 iue
553 1489 678 1531 Velina]
702 1490 830 1523 Notum
853 1500 943 1522 nnnc

247 1540 400 1571 omnibns
412 1540 520 1572 tribus
532 1539 635 1572 fuisse
647 1541 763 1573 Roma
781 1549 900 1572 xxxv.
909 1541 944 1572 in

249 1599 331 1630 quas
361 1590 490 1622 divisus
509 1592 654 1633 populus
680 1591 853 1623 Romanus
875 1589 944 1622 suf·

247 1638 358 1681 fragia
381 1639 528 1673 ferebat·
571 1641 669 1673 Inter
697 1650 755 1672 eas
781 1640 896 1681 Fabia,
925 1650 946 1671 a

246 1690 428 1721 Fabiorum
444 1695 548 1731 gente
560 1690 670 1723 dicta:
686 1694 722 1722 et
740 1690 864 1730 Velina,
879 1699 944 1721 non

248 1749 268 1770 a
283 1739 384 1771 Velia
397 1740 484 1771 urbe
507 1741 588 1772 olim
617 1741 791 1777 Lucaniae,
818 1746 857 1772 ut
872 1740 945 1782 qui-

248 1790 324 1820 dam
354 1790 504 1830 voluere,
532 1789 592 1821 sed
620 1799 641 1820 a
665 1790 890 1822 lacu.Velino
912 1790 947 1821 iu

246 1837 380 1869 Sabinis
401 1839 450 1868 sic
474 1839 672 1878 appellata;
696 1849 736 1870 ac
763 1840 947 1871 novissime

247 1896 314 1918 una
337 1896 413 1918 cnm
445 1887 589 1918 Quirina
619 1887 789 1926 prioribus
804 1896 945 1918 xxxin.

249 1935 383 1976 adjecta
413 1935 456 1966 Α.
472 1934 517 1966 U.
539 1935 578 1966 C.
603 1937 679 1966 513.
704 1945 725 1966 a
746 1935 876 1966 Manlio
903 1944 945 1966 ιι.

249 1991 286 2017 et
316 1985 360 2018 Q.
393 1985 529 2016 Lutatio
555 1985 652 2016 Coss.
691 1984 834 2015 Tor-rent.
880 1984 947 2015 Hic

248 2034 393 2075 mltum]
425 2034 543 2065 Verba
568 2038 646 2064 sunt
671 2034 948 2066 nomenclatoris„

249 2085 291 2116 In
314 2084 415 2116 Fabia
435 2083 533 2124 valet]
558 2083 624 2114 Hic
654 2083 687 2114 in
714 2083 806 2115 tribu
829 2083 947 2124 Fabia,

251 2134 309 2166 ille
325 2134 359 2165 iu
377 2134 468 2165 tribu
487 2133 605 2164 Velina
621 2133 722 2164 valet.

291 2186 334 2214 ⁵3
359 2183 495 2214 Cuilibet
508 2183 560 2214 hic
567 2182 672 2220 fasces
683 2182 786 2222 dabit]
798 2182 878 2218 Hic,
893 2182 949 2214 cui

250 2232 457 2273 suffragatus
483 2231 602 2273 fuerit,
638 2233 852 2264 consulatum
891 2232 949 2263 da·

250 2283 314 2322 bit,
338 2286 390 2314 tot
415 2291 531 2314 secum
562 2282 665 2313 trahit
691 2280 946 2322 suffragatores·

250 2334 434 2375 Eripietque
456 2332 588 2373 curule]
610 2332 743 2373 Eripiet
772 2332 890 2364 curule
912 2342 949 2364 e-

251 2384 328 2424 bur,
348 2384 382 2415 id
409 2388 476 2424 est,
496 2383 647 2418 curulem
675 2382 875 2422 eburneum,
891 2383 946 2414 cui

251 2434 345 2465 volet
366 2433 592 2474 importunus,
614 2433 666 2475 (id
692 2437 760 2468 est.
785 2433 947 2474 irrequie-

251 2484 326 2524 tus)
347 2484 428 2515 dum
445 2483 517 2516 voti
531 2493 669 2525 compos
683 2483 756 2515 fiat.

294 2536 337 2565 54
380 2534 509 2575 Frater,
541 2535 646 2576 pater]
691 2533 946 2566 Blandientium

253 2581 369 2621 verba,
384 2587 422 2613 ut
435 2591 479 2613 11.
491 2584 562 2615 Sat.
574 2585 606 2616 1.
628 2584 639 2603 ‘
655 2583 825 2625 Cupidum
847 2590 948 2625 pater

253 2631 407 2672 optime!
426 2632 565 2665 Tou-rent.

295 2685 336 2713 55
361 2682 493 2714 Facetias
503 2683 633 2723 adopta]
655 2683 881 2716 Blandissime
895 2693 947 2716 sa-

253 2731 325 2762 luta
339 2740 627 2774 unumquemque,
638 2738 674 2764 et
685 2732 799 2766 facete
814 2734 872 2766 tibi
889 2734 948 2766 ad-

246 2790 366 2822 Junge.

702 251 844 281 NOTAE
878 251 1143 283 VARIORUM
1181 252 1230 282 ΙΝ

1035 347 1078 376 56
1099 345 1188 376 Bene
1202 344 1296 385 vivit]
1318 344 1352 376 Si
1365 344 1409 377 sit
1423 343 1531 378 soelix.
1575 346 1684 388 Lucet,

992 394 1111 434 eamus]
1136 395 1217 425 Dies
1230 399 1292 432 est,
1305 403 1492 435 surgamus,
1507 396 1683 437 conquira-

991 453 1065 475 mus
1087 443 1228 475 obsonia
1242 444 1356 484 palato
1372 445 1574 486 gratissima.

1036 496 1076 524 58
1100 492 1233 533 Plaga]
1257 493 1371 525 Retia.

1034 545 1077 574 59
1101 542 1279 583 Differtum
1301 542 1452 584 transire]
1481 544 1604 576 Forum
1629 544 1686 576 bo·
1744 577 1750 582 ,

992 592 1138 624 minibus
1157 593 1306 633 plenum.

1035 645 1078 674 60
1105 642 1194 673 Unus
1218 646 1253 674 ut
1281 653 1297 674 e
1325 642 1446 683 multis]
1469 643 1518 675 Ut
1547 643 1688 685 insignis

993 692 1104 723 mulus
1119 697 1155 723 et
1170 693 1340 732 praealtus.

1034 745 1075 773 61
1116 742 1242 774 Emtum
1270 743 1371 774 nucius
1396 741 1522 782 aprum]
1555 742 1687 783 Aprum

994 796 1158 833 emptum,
1180 801 1247 824 non
1272 803 1292 824 a
1317 802 1354 824 se
1371 798 1519 824 venante
1535 798 1686 833 captum.

995 842 1097 873 Gradi
1131 842 1303 883 tumidique
1338 842 1492 883 lavemur]
1548 842 1689 874 Persius

992 892 1064 924 Sat.
1079 901 1136 924 ιιι.
1158 897 1168 911 ‘
1183 892 1349 934 Tui-gidus
1375 893 1431 924 bic
1453 893 1563 934 epulis
1585 897 1688 932 atque

994 944 1071 974 albo
1098 948 1217 975 ventre
1234 942 1389 975 lavatur-²
1431 942 1473 974 Id
1489 948 1602 974 autem
1619 940 1688 973 fac-

994 993 1151 1033 titabant,
1167 1003 1234 1035 quo
1248 1002 1370 1025 novam
1382 992 1446 1025 sibi
1461 991 1584 1024 famem
1600 1002 1692 1024 com-

994 1049 1140 1084 parent:
1163 1053 1366 1085 quamquam
1383 1043 1554 1075 Laconica
1568 1042 1611 1074 ad
1626 1043 1690 1074 boc

992 1092 1098 1133 magis
1109 1092 1341 1124 laudabantur.
1359 1092 1502 1133 Terreni.
1549 1091 1691 1124 Tumidi-

994 1151 1052 1182 que
1060 1141 1212 1182 lavemur]
1226 1142 1418 1174 Satur-itate
1427 1140 1536 1174 inflati
1550 1141 1691 1174 descen-

995 1192 1114 1224 damus
1127 1193 1161 1223 in
1178 1192 1330 1224 balneas.

1037 1244 1080 1273 62
1104 1242 1223 1273 Coerite
1236 1251 1307 1272 cera
1318 1240 1426 1282 digrii]
1448 1241 1555 1281 Digni
1569 1239 1627 1282 qui
1642 1240 1692 1281 ig-

993 1292 1142 1323 nominia
1157 1295 1344 1329 notentur;
1371 1291 1575 1332 proverbiali
1596 1291 1691 1322 sche-

994 1346 1085 1373 mate
1098 1342 1239 1373 dictum.
1278 1341 1368 1372 Caere
1379 1342 1465 1372 enim
1481 1342 1554 1372 sive
1571 1341 1691 1372 (ἴων-ιιι

993 1391 1150 1423 Straboni
1163 1391 1223 1423 lib.
1241 1400 1274 1422 v.
1291 1389 1418 1432 Καιρέα,
1428 1391 1600 1432 Stephano
1616 1390 1692 1422 xat-

993 1453 1044 1482 ρη,
1065 1445 1145 1473 ante
1174 1441 1294 1482 Agylla
1324 1450 1345 1472 a
1368 1440 1603 1472 conditoribus
1623 1440 1692 1470 suis

995 1492 1151 1531 Pelasgis
1178 1491 1364 1532 appellata,
1391 1489 1632 1522 nobilissimum
1657 1498 1694 1520 o-

996 1543 1056 1574 lim
1073 1542 1224 1573 Etruriae
1244 1540 1407 1582 oppidum
1430 1539 1509 1579 fuit,
1524 1549 1592 1572 non
1618 1549 1695 1580 pro·

996 1593 1052 1624 cul
1066 1602 1086 1623 a
1100 1590 1307 1633 Tarquiniis.
1350 1590 1458 1631 Cujus
1481 1589 1602 1620 incolae
1618 1589 1696 1621 Cae-

996 1643 1093 1682 ritca,
1109 1646 1168 1673 aut
1194 1651 1215 1672 a
1237 1641 1371 1672 Caerete
1394 1639 1581 1679 Caeretani,
1603 1638 1694 1679 quod

995 1693 1086 1725 bello
1111 1691 1245 1724 Gallico
1267 1690 1426 1731 Virgines
1447 1690 1606 1721 Vestales
1629 1698 1696 1720 una

996 1752 1071 1774 cum
1094 1741 1200 1772 sacris
1227 1739 1377 1780 benigne
1399 1738 1607 1779 recepissent
1621 1747 1695 1770 eus-

996 1791 1245 1831 todissentque,
1258 1787 1449 1829 municipes
1465 1787 1613 1819 omnium
1627 1787 1696 1828 pri-

997 1840 1044 1871 mi
1066 1838 1181 1870 effecti
1197 1842 1296 1869 sunt:
1311 1837 1370 1878 J‘us
1383 1836 1522 1878 quidem
1544 1836 1695 1868 civitatis

998 1890 1116 1929 populi
1143 1890 1241 1919 Rom.
1268 1887 1436 1918 beneficio
1465 1886 1610 1926 adepti3
1647 1885 1696 1919 sie

999 1943 1114 1969 tamen
1130 1942 1169 1968 ut
1183 1937 1328 1976 negotiis
1350 1941 1385 1966 et
1400 1935 1581 1967 honoribus
1596 1946 1695 1968 vaca-

998 1992 1096 2018 rent:
1121 1987 1221 2027 longo
1237 1986 1325 2017 enim
1341 1990 1495 2026 tempore
1509 1986 1696 2027 municipia

998 2045 1065 2067 non
1089 2037 1165 2077 plus
1187 2035 1276 2076 juris
1305 2035 1464 2067 habuere.
1507 2035 1609 2066 Unde
1623 2034 1695 2068 fac-

1000 2092 1071 2119 tum
1087 2090 1216 2126 postea,
1229 2090 1266 2117 ut
1282 2085 1406 2117 tabulae
1422 2085 1566 2118 Caerites
1581 2087 1696 2128 appel-

998 2138 1163 2174 larentur,
1180 2137 1214 2168 iu
1237 2146 1320 2178 quas
1346 2137 1421 2168 vice
1447 2146 1544 2168 versa
1569 2136 1696 2168 refere-

998 2188 1132 2227 bantur,
1145 2197 1211 2219 non
1224 2188 1280 2229 qui
1294 2187 1449 2219 beneficii
1464 2188 1554 2227 loco,
1564 2191 1603 2219 ut
1615 2193 1696 2220 aute

999 2237 1170 2276 Caerites3
1192 2237 1251 2269 sed
1279 2238 1336 2279 qui
1357 2238 1552 2278 ignominiae
1577 2247 1697 2270 caussa

999 2288 1084 2319 moti
1126 2288 1228 2324 tribu,
1264 2287 1432 2329 suffragiis
1461 2287 1693 2329 privabantur.

999 2337 1132 2370 Gellius
1148 2346 1224 2369 xvr.
1246 2340 1298 2369 1³.
1324 2342 1359 2369 et
1383 2338 1464 2369 Pet.
1480 2337 1631 2370 Crinitus
1650 2338 1694 2369 de

998 2388 1142 2418 honesta
1178 2387 1358 2428 disciplina
1383 2396 1450 2419 vu.
1478 2389 1510 2418 6.
1546 2387 1694 2419 Turneb.

999 2445 1077 2468 xxi.
1094 2439 1146 2468 ll.
1167 2436 1309 2468 Torreat.
1357 2436 1464 2468 Cer-ite
1477 2436 1563 2477 cem]
1583 2437 1694 2468 Tabu-

999 2487 1031 2518 la
1060 2486 1211 2518 Ceritum
1235 2486 1342 2527 digni,
1366 2486 1402 2518 id
1427 2490 1491 2527 est,
1517 2487 1591 2518 siue
1614 2486 1693 2528 lege

998 2535 1166 2568 viventes.
1209 2536 1385 2568 Ceritibus
1407 2537 1497 2568 enim
1527 2546 1548 2567 a
1570 2537 1696 2578 populo

998 2587 1153 2618 Romano
1177 2586 1322 2618 devictis
1350 2591 1515 2627 negatum
1535 2585 1600 2618 fuit
1623 2585 1694 2618 suf-

997 2636 1182 2678 fragiorum
1197 2636 1415 2669 ferendorum
1425 2638 1494 2679 jus.

1040 2690 1082 2719 63
1105 2687 1286 2727 Remigium
1309 2687 1472 2729 vitiosam]
1506 2687 1619 2721 Quum
1649 2687 1694 2719 si·
1714 2705 1717 2707 -

998 2746 1073 2769 mus
1089 2737 1181 2778 quasi
1203 2737 1362 2777 remiges,
1386 2740 1422 2768 et
1442 2736 1524 2768 socii
1547 2735 1694 2777 Ulyssis,
1755 2741 1764 2744 “

1000 2787 1090 2819 vitiis
1105 2791 1140 2831 et
1157 2786 1350 2819 libidinibus
1365 2786 1506 2818 addicti.
