1858 3184
228 234 340 277 1798

227 348 292 370 am.
318 339 414 380 Cruq.

230 387 395 421 offendar.

459 339 550 372 Fidis
565 338 721 381 offendor]
745 339 837 372 Quia
851 338 927 370 fidis

271 440 311 470 10
337 439 404 470 Cur
415 449 462 471 me
468 439 613 480 funesto]
623 437 812 479 Propterea
823 438 925 480 quod.

230 489 364 520 Funesto
380 493 545 530 properent
560 498 664 521 arcere
678 488 818 529 veterno]
841 489 926 520 Rec-

226 543 262 570 te
279 539 379 570 animi
396 540 448 570 sui
466 538 618 570 morbum
634 540 643 556 ‘
657 538 852 570 veternum’
866 548 925 580 ap·

225 589 345 628 pellat.
356 588 451 629 signa
461 589 549 619 enim
562 587 743 619 manifesta
755 597 832 619 cum
848 589 925 628 alia,

226 642 298 668 tum
315 637 398 668 illud
423 638 580 677 maxime,
602 637 692 679 quod
719 642 834 669 mente
857 642 924 669 tor-

226 697 310 727 pens
327 688 473 719 excitari
497 697 533 719 se
553 697 620 718 non
645 687 818 728 patiatur:
845 688 925 719 ‘Nil

226 737 343 769 audire
372 739 468 779 velit,
491 738 538 769 nil
562 738 691 770 discere
715 738 806 779 quod
833 739 926 769 levet

227 787 379 828 aegrum.'
423 789 540 821 Quare
555 788 565 807 ‘
579 787 757 819 stolidum’
772 787 926 829 appellat

223 838 233 854 ‘
247 837 445 870 veternum’
462 838 615 870 Catullus
631 838 748 879 Epigr.
764 838 807 869 ad
825 839 923 870 Colo-

225 887 328 929 niam,
352 893 389 920 et
420 888 535 920 Latini
563 888 795 925 ‘marcoremss
820 893 858 920 ut
881 888 924 920 ab

224 938 395 970 oblivione
417 938 648 979 ‘lethargum'
668 938 795 971 Graeci.
839 939 924 970 Pro-

216 988 320 1019 Avenit
334 993 447 1020 autem
463 987 533 1020 fere
550 990 592 1020 ab
609 988 875 1029 intemperantia
889 994 925 1021 et

225 1038 406 1070 immodica
427 1039 615 1079 potatione,
639 1048 731 1080 saepe
748 1039 781 1070 iu
801 1038 924 1080 hydro-

225 1097 302 1128 pem
327 1098 367 1119 ac
394 1088 507 1120 tabem
531 1088 700 1120 desinens.
725 1090 815 1120 Tor-r.
866 1089 924 1121 Ve-

224 1137 328 1178 ιε’-πο]
350 1139 537 1179 Lethargu,
559 1139 617 1179 qui
646 1138 923 1179 inexpugnabilis

224 1192 278 1219 est
293 1187 484 1220 dormiendi
501 1188 700 1220 necessitas.
743 1189 925 1230 Metapho·

222 1237 293 1268 rice
317 1238 371 1269 hic
388 1239 529 1278 ponitur
546 1247 606 1279 pro
620 1239 826 1279 arrogantia,
842 1239 924 1271 levi-

223 1293 310 1328 tate,
325 1289 565 1320 inconstantia.

267 1341 307 1370 11
330 1338 466 1380 Sequar]
490 1339 581 1373 Quia
593 1349 716 1382 sequar
731 1350 821 1382 qnae,
837 1343 900 1373 διε.

267 1391 309 1420 12
336 1389 445 1420 Romae
477 1390 574 1421 Tibur
603 1391 717 1431 amem]
750 1391 839 1423 Quia
864 1391 922 1423 ubi

223 1447 295 1469 sum
313 1439 442 1479 Romae,
462 1448 570 1470 amem
587 1440 705 1476 Tibur,
718 1445 871 1477 ventosus,
888 1440 922 1472 id

222 1493 286 1525 est,
302 1489 497 1522 inconstans
509 1495 545 1522 et
562 1495 664 1522 vento
677 1492 850 1532 popularis·
865 1501 922 1523 au-

222 1548 270 1570 1·ae
288 1539 418 1581 plenus.
469 1539 634 1580 Veniamus]
657 1541 702 1572 Et
718 1541 797 1572 alibi
814 1542 824 1560 ‘
842 1551 922 1573 ven-

222 1594 297 1620 tosa
318 1589 439 1630 plebs,'
455 1593 493 1621 ut
509 1590 652 1621 ‘mobile
665 1590 808 1631 vulgus!
833 1592 923 1624 Tor-r.

225 1639 341 1671 Tibure
358 1639 505 1680 Romam]
543 1641 635 1674 Quia
650 1641 802 1673 existens
816 1642 922 1674 'ribu-

221 1688 264 1728 ri,
279 1689 421 1720 Romam
436 1699 558 1721 amem.

265 1741 305 1770 13
328 1739 408 1770 Post
424 1739 504 1780 haec]
542 1741 628 1772 Post
643 1741 716 1774 ha’c
732 1741 857 1782 omnia,
869 1751 922 1774 ro·

222 1796 315 1832 gato.
361 1793 405 1823 Et
417 1791 463 1832 se]
489 1792 669 1825 Quomodo
685 1802 720 1825 se
737 1798 849 1834 gerat.

264 1844 305 1873 14
327 1842 461 1881 Juveni]
487 1842 630 1873 Neroni.
672 1844 774 1883 thue
787 1842 923 1883 cohorti]

221 1890 314 1921 Guil.
332 1891 473 1921 Canter.
497 1899 532 1920 v.
559 1893 612 1921 20.
638 1891 735 1931 legit,
760 1896 853 1932 atque
872 1902 921 1923 co-

221 1939 316 1971 horti.
368 1940 471 1979 thue
502 1939 637 1979 cohorti]
675 1940 719 1970 Et
751 1940 921 1981 quomodo

221 1990 349 2022 cohorti
366 1991 511 2030 placeat.

264 2044 303 2072 15
328 2041 473 2072 Primum
482 2039 636 2081 gaudere]
651 2040 801 2072 Primum
814 2040 919 2074 dicito

222 2101 276 2123 me
289 2091 450 2132 gaudere,
467 2091 604 2130 deinde,
619 2093 684 2123 διο.

263 2145 305 2174 16
328 2141 489 2174 Auris-ulis
503 2141 573 2183 hoc]
588 2142 672 2183 Ejus
686 2141 861 2181 auriculis,
871 2151 918 2173 sc.

220 2192 323 2224 Celsi.

262 2244 302 2274 1⁷
330 2242 374 2274 U!
390 2245 424 2272 tu
431 2240 610 2281 fortunam]
628 2240 918 2274 Quemadmodum

219 2297 257 2324 tu
283 2292 465 2324 secundam
493 2290 662 2323 fortunam
687 2290 790 2332 feres,
810 2291 859 2322 ita
881 2295 920 2323 ut

217 2352 284 2374 non
307 2342 497 2383 superbias,
519 2342 569 2374 sic
592 2351 659 2373 non
683 2346 776 2374 tuam
800 2341 917 2373 amici-

220 2395 301 2425 tiam
327 2391 490 2433 feremus,
516 2397 551 2424 et
577 2392 785 2424 servabimus
810 2391 918 2424 conti-

218 2453 298 2475 nuo.

218 2494 338 2525 Ems‘r.
369 2503 422 2525 rx.
479 2493 535 2526 An
564 2493 763 2525 cmumum
793 2492 917 2524 Neno-

261 2554 354 2576 uexu.
400 2546 543 2578 Claudio
563 2545 692 2578 Neroni
713 2544 916 2586 Septimium

260 2594 487 2630 commendat.
512 2601 548 2627 et
573 2600 670 2635 rogat
692 2600 730 2627 ut
750 2595 783 2626 in
800 2594 917 2626 amici-

260 2646 342 2676 tiam
359 2654 452 2675 suani
471 2654 546 2676 eum
564 2647 721 2686 recipiat.
767 2645 835 2678 Sed
853 2645 916 2677 hoc

260 2694 453 2725 verecunde
470 2692 563 2734 facit,
581 2700 618 2726 et
637 2696 706 2734 ita,-
722 2700 760 2727 ut
783 2694 826 2727 ab
843 2695 917 2735 ipso

260 2745 401 2776 Nerone
425 2743 457 2774 id
484 2748 644 2785 tanquam
670 2755 730 2786 pro
758 2755 817 2778 suo
837 2745 917 2786 jure

261 2798 379 2836 petere
397 2793 503 2825 videri
521 2803 587 2825 non
605 2795 722 2835 possit.

683 245 824 277 No'rAE
858 247 918 276 VA
931 246 1123 277 RIORUM
1157 247 1210 278 IN

1019 341 1036 370 1
1063 339 1252 381 Septimius]
1279 339 1382 372 Hunc
1398 339 1502 372 credo
1514 341 1674 383 Septimi-

975 398 1030 420 um
1047 389 1138 421 inter
1154 389 1288 421 futuros
1313 400 1388 422 curn
1405 390 1583 432 Torquato
1595 400 1674 424 eou-

975 439 1069 470 vivas
1084 444 1274 476 enumerat,
1287 444 1323 471 et
1337 439 1493 471 eximiam
1507 440 1582 480 ejus
1592 440 1627 471 in
1637 450 1674 472 se

974 488 1178 520 charitatem
1189 498 1231 520 n.
1243 488 1313 520 od.
1323 492 1344 521 7
1348 512 1356 521 .
1370 489 1581 521 demonstrat
1591 489 1676 531 Sep-

975 539 1062 570 timii
1078 539 1185 571 etiam
1199 539 1375 580 cujusdam
1387 545 1424 572 et
1440 539 1675 581 Acmespnel·
1733 566 1738 571 .

973 589 1016 620 1ae
1044 598 1177 620 amores
1199 590 1400 621 suavissimo
1419 589 1675 631 Epigrammate

975 639 1128 670 Catullus
1141 640 1308 672 celebrat.
1320 639 1531 672 Referuntur
1545 646 1579 672 et
1590 641 1676 682 Sep·

974 690 1060 721 timii
1091 700 1221 725 versus,
1258 699 1325 721 non
1362 690 1501 722 hercule
1532 690 1677 731 illepidi,

973 740 1064 780 apucl
1095 739 1352 779 Terentianum,
1373 739 1461 771 libro
1488 749 1587 781 quem
1617 741 1675 772 De

973 789 1097 821 Metris
1126 790 1289 831 scripsit3
1318 799 1359 821 an
1390 789 1505 830 hujus,
1540 790 1673 829 ignoro.

973 840 1022 871 Ut
1047 843 1158 871 autem
1183 840 1338 873 Quinctii
1362 844 1399 872 et
1423 840 1545 881 Sextii,
1569 841 1617 872 sic
1640 845 1676 872 et

973 890 1179 930 Septimii,a
1202 890 1349 922 numeris
1374 899 1496 922 nomen
1522 896 1675 923 traxere.

978 940 1121 972 Torreat.
1166 939 1351 980 Septimius]
1374 940 1426 972 De
1450 950 1516 981 quo
1539 949 1580 973 n.
1605 940 1675 972 Od.

973 992 1006 1020 6.
1053 990 1182 1029 Claudi,
1191 989 1355 1030 nimirum]
1371 989 1403 1021 Ο
1415 989 1511 1021 Nero
1527 989 1675 1031 Augusti
1693 1010 1697 1013 -

974 1039 1144 1081 privigne.

1017 1092 1038 1121 2
1064 1089 1184 1126 Quanti
1204 1099 1253 1121 me
1274 1089 1398 1130 socias]
1423 1090 1502 1125 Qua
1524 1089 1675 1122 aestima-

974 1139 1068 1170 tione
1092 1139 1154 1170 sim
1178 1138 1268 1179 apud
1294 1143 1343 1170 te.
1388 1139 1476 1170 Nam
1488 1148 1556 1170 cum
1567 1138 1677 1179 roget]

974 1188 1076 1220 Hanc
1098 1188 1317 1229 scripturam,
1339 1188 1383 1220 P.
1397 1187 1546 1220 Victorii
1563 1196 1625 1220 xx.
1641 1190 1675 1220 9.

974 1239 1169 1271 testimonio
1182 1237 1451 1280 comprobatam,
1465 1237 1572 1270 nostri
1589 1247 1673 1279 quo-

971 1299 1038 1331 que
1050 1289 1186 1321 codices
1201 1293 1362 1320 servant:
1387 1298 1428 1320 ac
1444 1288 1507 1319 nisi
1523 1289 1572 1319 ita
1583 1289 1675 1329 lega-

971 1348 1056 1378 mus,
1070 1338 1153 1369 illud
1171 1339 1314 1369 alterum
1338 1347 1419 1379 cum,
1440 1337 1529 1379 quod
1552 1343 1674 1379 quarto

971 1388 1083 1419 adhuc
1111 1397 1211 1418 versu
1242 1388 1422 1428 repetitur,
1452 1397 1520 1429 quo
1549 1386 1675 1418 referri

972 1438 1093 1479 possit,
1117 1442 1176 1470 aut
1191 1437 1272 1479 quid
1288 1436 1470 1478 significet,
1494 1446 1562 1469 non
1578 1438 1673 1469 inve-

971 1488 1057 1521 nies.
1111 1489 1211 1520 Nunc
1228 1497 1311 1519 vero
1325 1486 1517 1528 asyndeton
1533 1491 1587 1519 est
1602 1497 1674 1519 cum

970 1541 1075 1578 rogat,
1099 1548 1175 1570 cum
1191 1547 1234 1569 ex
1251 1537 1379 1569 intimis
1395 1537 1512 1568 amicis
1527 1547 1604 1569 esse
1619 1547 1674 1569 me

971 1593 1101 1621 censet.
1146 1589 1253 1628 Rogat
1278 1591 1309 1619 et
1327 1597 1420 1628 prece
1441 1587 1544 1629 cogit]
1577 1588 1674 1627 cogit

970 1643 1113 1685 propter
1128 1638 1293 1678 insignem
1306 1637 1504 1677 amicitiam,
1517 1637 1572 1668 cui
1590 1637 1674 1669 nihil

971 1688 1089 1729 negari
1104 1688 1254 1727 debeat;
1277 1697 1354 1719 cum
1378 1688 1483 1719 talem
1503 1696 1586 1728 erga
1601 1686 1674 1718 Ho-

970 1739 1093 1770 ratium
1118 1747 1155 1769 se
1171 1743 1308 1779 gereret
1326 1738 1523 1779 Septimius,
1546 1742 1584 1769 ut
1597 1738 1672 1768 nul·

971 1789 1040 1820 lum
1070 1789 1146 1829 ejus
1173 1798 1275 1819 causa
1303 1788 1492 1829 periculum
1522 1787 1673 1829 fugeret.

975 1839 1117 1870 Tor-rent.
1163 1838 1208 1870 Et
1219 1846 1311 1879 prece
1329 1835 1431 1879 cogn
1461 1839 1507 1870 Et
1520 1831 1672 1880 rogando

971 1889 1076 1928 cogit.

1014 1939 1034 1968 3
1061 1936 1216 1976 Laudare]
1240 1936 1500 1969 Commendare.

1011 1988 1033 2017 4
1059 1986 1204 2025 Dignum
1218 1989 1318 2017 mente
1332 1986 1495 2028 doumque]
1523 1987 1671 2029 Dignum

969 2035 1131 2074 amicitia,
1145 2039 1181 2066 et
1207 2034 1432 2068 contubernio
1453 2037 1600 2069 Neronis
1623 2039 1672 2070 le-

970 2086 1095 2127 gentis,
1122 2085 1156 2116 id
1179 2089 1245 2126 est,
1267 2086 1426 2126 eligentis
1443 2096 1496 2118 res
1510 2087 1671 2120 honestas

969 2142 1006 2168 et
1025 2137 1183 2168 honestos
1210 2137 1309 2168 viros.
1354 2135 1506 2177 Legatis
1526 2138 1670 2180 leonum]

969 2187 1099 2228 Magna
1125 2186 1189 2218 viri
1219 2186 1385 2227 principis
1411 2187 1498 2227 lans,
1521 2197 1579 2219 eos
1604 2188 1671 2230 sibi

969 2237 1111 2269 comites
1140 2236 1336 2277 deligentis‚
1360 2237 1567 2279 pro-quibus
1593 2243 1669 2271 tuto

968 2287 1148 2329 spondeat.
1173 2287 1317 2318 Torreat.
1654 2315 1657 2318 .

1011 2342 1030 2369 ⁵
1054 2338 1188 2369 Munere
1201 2337 1378 2377 cumsangt'
1396 2338 1549 2378 propioris
1568 2343 1670 2371 censet

967 2388 1073 2428 amici,
1090 2388 1176 2424 Quid
1186 2387 1304 2428 possim
1318 2387 1418 2428 videt]
1442 2388 1542 2428 Cum,
1557 2388 1670 2430 inquit

966 2439 1090 2475 Poeta,
1114 2438 1298 2480 Septimius
1327 2437 1428 2478 petit,
1451 2441 1489 2469 ut
1513 2447 1551 2470 se
1576 2448 1670 2470 com-

966 2489 1134 2528 mendem,
1157 2493 1194 2520 et
1218 2488 1252 2519 in
1273 2497 1315 2519 eo
1331 2486 1507 2519 familiaris
1522 2489 1614 2530 apud
1633 2495 1669 2522 te

967 2539 1066 2570 amici
1093 2537 1218 2578 fungar
1241 2546 1405 2576 munere3
1431 2537 1548 2570 videre
1563 2549 1601 2571 se
1615 2549 1668 2572 os.

965 2589 1089 2628 tendit,
1105 2587 1187 2630 qnid
1212 2587 1303 2628 apud
1327 2592 1362 2618 te
1386 2588 1666 2630 possimfmelius

964 2649 1065 2682 quam
1095 2640 1167 2678 ipse
1198 2647 1274 2678 ego.
1319 2638 1444 2669 Sensus
1474 2643 1528 2670 est
1554 2649 1665 2682 ,quem

966 2690 1037 2722 dixi
1052 2700 1060 2720 ι
1093 2690 1172 2720 Cum
1185 2691 1286 2719 censet
1302 2688 1415 2729 fungi,
1431 2698 1508 2720 cum
1524 2699 1579 2722 me
1593 2692 1667 2723 vult

965 2739 1071 2782 fungi.
1100 2738 1194 2771 Nihil
1211 2744 1264 2769 est
1281 2738 1477 2779 simplicius.
1501 2739 1664 2772 Heinius.

967 2792 1099 2824 Munere
1112 2788 1218 2831 quum]
1237 2787 1361 2820 Officio
1373 2788 1665 2822 interioris-amici.
