1858 3184
300 209 414 263 1938
790 220 996 251 ΝοίἰΤιΛ
1021 220 1302 253 ni‘rssnAma

298 319 593 372 emendationes
615 320 654 358 in
670 320 893 367 Horatium,
914 321 953 358 in
974 321 1141 360 Memor.
1156 320 1390 360 Trevoltinis
1407 333 1443 359 a.
1462 322 1576 360 1⁷15.
1592 333 1630 373 p.
1643 324 1746 361 ι968.

296 392 338 436 et
365 385 572 438 Ephemer.
607 384 749 423 literar.
780 384 903 423 Paris.
936 398 972 423 a.
998 386 1113 423 1716.
1134 398 1174 436 p.
1204 387 1298 424 515.
1330 398 1393 437 sq.
1446 385 1545 423 Item
1564 385 1745 424 observa·

295 450 424 489 tiones
444 448 563 487 Misc.
595 448 762 487 Dorviil.
784 449 875 488 Vol.
897 462 949 487 11.
965 462 1007 500 p.
1031 450 1095 487 88.
1111 462 1172 500 sq.
1204 450 1295 487 381.
1316 462 1376 501 sq.
1413 456 1452 488 et
1471 449 1562 488 Vol.
1583 461 1646 488 iv.
1688 449 1746 487 G.

294 512 480 552 Waddeli
514 512 795 552 animadversa.
827 513 912 552 crit.
943 512 984 551 in
1018 513 1108 551 loca
1140 512 1324 564 quaedam
1343 513 1440 552 Hor.
1461 513 1606 552 Edinb.
1631 514 1746 566 1734.

295 578 336 625 J,
352 576 425 614 Ph.
454 575 505 614 de
524 575 776 615 Medenbach
794 577 970 615 Wakker
999 577 1245 616 amoenitates
1275 576 1421 616 literar.
1455 576 1574 629 (Traj.
1593 576 1645 615 ad
1670 575 1747 616 Rh.

300 641 419 679 1770.
440 641 495 688 8.)
522 640 564 679 J.
583 639 791 680 Schraderi
814 641 1030 680 emendatt.
1065 636 1176 688 liber,
1196 641 1402 689 <Leovard.
1427 642 1544 680 1776.
1573 642 1631 690 4.)
1656 641 1749 680 Sul-

298 704 374 742 zeri
388 704 541 743 theoria
570 704 724 752 artium,
757 705 957 755 (Herderi)
987 705 1119 758 Sylvae
1149 705 1308 752 criticae,
1337 705 1531 756 Lessingii
1550 705 1747 752 Laocoon,

296 768 473 807 Kamesii
490 767 644 818 (Homi)
661 769 856 808 elementa
875 769 1021 817 critica,
1037 772 1113 809 &c.

298 875 303 879 ⁴
352 832 547 872 Ineditum
567 833 685 872 Zach.
707 833 847 872 Lundii
876 834 1197 872 commentarium
1217 833 1421 886 copiosum
1448 835 1488 872 in
1509 835 1643 873 Artem
1665 834 1747 871 Ho-

295 897 398 944 ratii,
419 910 499 935 una
527 910 616 936 cum
637 897 721 936 aliis
750 898 819 937 viri
847 898 949 937 iliius
970 898 1078 937 docti
1097 898 1272 949 lipsanis,
1305 905 1434 937 servat
1463 897 1620 937 Hafniae
1641 896 1749 935 Frid.

298 961 540 1012 Rostgaard.
570 962 614 999 In
637 962 749 1000 Odas
769 975 926 1014 quoque
946 969 986 1001 et
1018 962 1218 1015 Epistolas
1238 963 1541 1002 commentarius
1570 961 1747 1014 ejusdem

298 1026 439 1066 Lundii
460 1025 564 1064 venit
583 1038 663 1064 una
696 1039 785 1064 cum
808 1026 895 1064 aliis
927 1026 1163 1078 quibusdam
1180 1026 1298 1065 *illius
1316 1027 1580 1066 monumentis
1606 1026 1644 1064 in
1665 1026 1749 1063 bib·

295 1089 506 1128 liothecam
537 1089 579 1126 J.
599 1089 727 1134 Moth,
761 1089 864 1140 regis
885 1089 1027 1127 Daniae
1058 1102 1083 1127 a
1101 1088 1288 1128 consiliis.
1316 1090 1382 1129 Jo.
1403 1089 1525 1128 turici
1549 1102 1750 1128 commen·

297 1153 468 1192 tationes
501 1153 542 1190 in
563 1152 771 1191 Horatium
791 1159 983 1192 memorat
1009 1153 1073 1193 Jo.
1099 1152 1204 1191 Frid.
1239 1150 1462 1192 Gronovius
1492 1153 1671 1205 Epistola
1697 1152 1750 1191 ad

300 1218 422 1268 Casp.
455 1217 725 1256 Hofmannum
744 1229 783 1255 a.
820 1218 939 1256 1633.
958 1216 1058 1256 inter
1090 1216 1291 1268 Epistolas
1318 1217 1369 1256 G.
1391 1217 1566 1256 Richteri
1598 1231 1638 1269 p.
1654 1217 1751 1256 563.

298 1281 613 1319 Commentarios
643 1293 736 1319 suos
765 1281 888 1332 ipsius
923 1280 1151 1319 Hadrianus
1188 1280 1330 1319 Junius
1353 1293 1416 1320 1v.
1437 1282 1475 1319 6.
1503 1281 1750 1319 animadver-

294 1345 463 1382 sionum.
517 1344 674 1382 Videsis
690 1350 730 1382 et
749 1344 926 1395 ejusdem
941 1345 1050 1383 Junii
1072 1345 1270 1395 Epistolas
1293 1357 1384 1395 pag.
1406 1347 1446 1383 3.
1467 1357 1529 1395 sq.
1548 1351 1589 1383 et
1609 1346 1703 1382 280.

350 1408 489 1447 Thom.
507 1407 654 1447 Treteri
682 1408 949 1447 Posnanensis
969 1408 1087 1446 index
1106 1408 1277 1446 omnium
1298 1407 1575 1446 vocabulorum
1607 1409 1647 1446 in
1669 1409 1750 1448 Ho-

296 1473 409 1520 ratio,
427 1472 572 1524 prodiit
589 1472 710 1511 Antv.
737 1473 853 1511 1576.
876 1474 912 1510 8.
946 1478 986 1510 et
1014 1472 1194 1510 Francos.
1222 1472 1339 1510 1600.
1357 1473 1393 1510 8.
1429 1472 1528 1511 Eum
1547 1473 1685 1511 Romae
1707 1473 1748 1510 in

296 1536 528 1575 adornando
558 1535 778 1575 Horatiano
809 1535 938 1575 indice
969 1535 1172 1587 adjuverat
1202 1535 1378 1574 Polonus
1402 1536 1625 1589 Stanislaus
1647 1536 1749 1574 Dro-

298 1599 423 1638 zinius
442 1600 482 1638 in
515 1599 669 1638 aedibus
703 1600 817 1638 Hosii
852 1599 1091 1638 Cardinalis.
1147 1600 1220 1638 Ille
1249 1599 1369 1638 index
1402 1600 1454 1639 ad
1492 1601 1659 1652 paginas
1688 1608 1750 1638 est

297 1662 479 1701 editionis
513 1662 784 1715 Lugd.—1576.
819 1663 1047 1702 adornatus.
1113 1664 1178 1703 Jo.
1198 1664 1287 1703 Pet.
1306 1663 1433 1711 Tanii,
1453 1664 1634 1710 Romani,
1654 1665 1747 1703 Soc.

296 1727 409 1774 Jesu,
443 1726 565 1765 index
601 1727 642 1764 in
681 1727 888 1766 Horatium
907 1734 949 1766 et
982 1727 1215 1775 Boethium.
1244 1727 1550 1767 Mediol.>1610.
1570 1730 1610 1767 8.
1641 1728 1747 1766 Dan.

297 1792 514 1831 Avemanni
534 1791 834 1844 Brunopolitani
867 1790 1080 1842 Hodegeta
1116 1791 1374 1839 Horatianus,
1393 1804 1472 1830 non
1498 1791 1550 1830 ad
1582 1788 1749 1843 paginas

296 1856 506 1905 singularis
525 1855 734 1906 cujusdam
760 1856 959 1903 editionis,
981 1863 1025 1894 ut
1061 1855 1224 1902 Treteri,
1245 1856 1317 1894 sed
1349 1855 1402 1894 ad
1431 1855 1551 1895 libros
1568 1862 1610 1894 et
1629 1855 1750 1895 versi-

296 1918 422 1963 culos,
442 1926 560 1969 atque
580 1919 680 1957 adeo
699 1932 968 1970 quascumque
989 1919 1142 1957 Horatii
1172 1915 1365 1958 editiones
1394 1918 1749 1968 accommodatum,

296 1982 469 2021 omnium
501 1982 782 2022 vocabulorum
821 1982 994 2021 Iudicem
1026 1981 1198 2028 exhibet,
1236 1982 1403 2021 Brunsv.
1440 1985 1557 2021 1667.
1590 1986 1630 2022 8.
1689 1984 1748 2021 Ex

295 2053 464 2097 utroque
483 2048 725 2097 compositus
754 2046 874 2085 estin
903 2045 967 2084 ed.
1004 2045 1238 2084 Bentleiana
1266 2045 1433 2084 Horatii.
1479 2045 1614 2085 Iodoci
1645 2046 1751 2086 Des·->

297 2123 426 2149 marez
446 2109 635 2148 Horatius
655 2109 696 2147 in
716 2122 805 2156 usu,
826 2110 908 2148 sive
939 2109 1167 2147 Horatianae
1197 2109 1386 2160 phraseos
1416 2110 1582 2162 puritas,
1619 2111 1747 2162 copia,

298 2174 510 2226 elegantia,
531 2173 673 2213 Colon.
707 2174 824 2213 1648.
850 2175 911 2212 12.
941 2173 1065 2212 Andr.
1086 2173 1259 2212 Crameri
1278 2173 1410 2225 praxis
1431 2174 1647 2213 Horatiana
1659 2175 1750 2213 lau-

297 2239 415 2277 datur
434 2252 459 2277 a
474 2238 623 2279 Christ.
653 2237 824 2276 Daumio
843 2237 883 2275 in
905 2237 1032 2289 Epist.
1063 2237 1115 2275 ad
1150 2237 1340 2276 Graefium
1369 2237 1579 2277 Rectorem
1598 2237 1747 2284 scholae

298 2302 532 2354 Altenburg.
549 2303 615 2341 Jo.
635 2301 749 2353 Bapt.
770 2301 942 2341 Masculi
973 2301 1114 2354 Lyrica
1146 2301 1228 2339 sive
1249 2301 1351 2340 Odae
1382 2315 1472 2340 cum
1506 2303 1747 2354 argumentis

298 2367 478 2414 odarum,
495 2372 536 2405 et
553 2365 652 2419 ideis
670 2365 910 2412 Horatianis,
937 2366 1064 2404 Duaci
1088 2366 1204 2404 1635.
1231 2367 1294 2404 12.
1324 2367 1370 2404 In
1387 2366 1498 2405 locos
1516 2379 1746 2406 communes

300 2420 524 2477 Horatium,
540 2430 627 2469 utili
641 2431 807 2482 poiiseos
837 2430 1029 2470 studiosis
1049 2429 1230 2476 consilio,
1251 2429 1418 2481 digessit
1446 2430 1534 2469 Jos.
1553 2430 1747 2481 Langius,

299 2494 427 2546 Lugd.
450 2495 568 2533 1604.
607 2496 668 2532 12.
694 2494 753 2533 uti
787 2494 988 2546 Virgilium
1022 2493 1145 2533 Mich.
1185 2493 1424 2533 Coissardus
1451 2506 1475 2533 e
1507 2495 1600 2534 Soc.
1629 2495 1742 2541 Jesu,

297 2559 420 2597 Paris.
441 2558 556 2597 1683.
577 2559 638 2596 12.
659 2558 903 2597 Emblemata
914 2558 1128 2597 Horatiana
1142 2571 1231 2598 cum
1246 2557 1551 2610 elegantissimis
1564 2557 1744 2597 iconibus

299 2634 376 2659 aere
399 2622 603 2674 descriptis
622 2622 749 2661 edidit
777 2622 873 2662 Otto
891 2622 1052 2661 Vaenius
1084 2623 1224 2674 pictor,
1244 2623 1294 2662 ab
1324 2634 1360 2660 a.
1385 2623 1502 2660 1610.
1521 2622 1746 2677 frequenter

299 2680 451 2729 recusa,
480 2698 554 2724 nec
575 2686 712 2725 Latine
732 2686 863 2734 modo,
879 2686 950 2726 sed
966 2686 1120 2731 Gallice
1140 2699 1297 2738 quoque
1317 2692 1358 2725 et
1373 2685 1607 2724 Germanice
1623 2685 1743 2731 edita,

299 2761 450 2788 necnon
471 2747 628 2799 Belgice
660 2760 699 2788 et
719 2750 1016 2803 Hispanicejac
1048 2750 1218 2803 denique
1240 2749 1390 2797 Italice,
1420 2749 1629 2800 interprete
1657 2748 1740 2787 Pet.
