1858 3184
280 218 393 261 1978
681 229 941 261 nncnnsus
977 214 1220 262 ammom]
1229 215 1268 260 M*

338 330 437 386 1691
470 329 725 383 Paraphrasis
744 330 976 379 Horatiana,
996 332 1171 384 elegiaco
1197 338 1237 371 et
1269 330 1428 370 heroico
1445 323 1616 370 carmine
1633 331 1720 372 red-

281 394 363 434 dita
381 408 451 447 per
469 395 518 435 A.
539 394 710 433 Reland.
724 395 849 434 Amst.
872 397 911 434 8.

337 460 440 497 1692
469 459 614 510 Opera.
634 458 775 513 Venet.
801 461 862 497 12.

338 523 441 560 1693
470 511 692 561 comment.
730 522 961 575 philosoph.
1000 522 1050 561 ad
1087 522 1186 561 iuud
1224 522 1378 562 Horatii
1406 521 1485 563 oa.
1505 534 1578 561 111.
1598 522 1638 561 6.
1658 522 1725 561 46.

281 589 292 607 ‘
313 587 422 624 AEtas
442 586 676 638 parentum,'
695 588 769 624 &c.
791 587 896 638 Lips.
916 589 957 626 4.

339 650 443 687 1694
473 650 519 687 In
555 662 671 689 usum
707 650 893 703 Delphini
935 663 985 688 11.
1022 663 1092 701 per
1129 650 1277 690 Ludov.
1318 651 1508 702 Desprez,
1545 649 1723 703 repetita.

283 712 451 751 Londin.
472 716 511 752 8.
840 708 842 711 ’

333 799 388 806 —-
415 778 525 829 Opp.
544 790 634 816 cum
652 790 794 816 comm.
816 777 999 816 Chabotii
1017 783 1058 816 et
1076 777 1187 818 alior.
1209 778 1331 817 Basil.
1349 778 1420 817 fol.

332 863 386 870 —-
414 840 636 879 Daceriana
658 856 698 880 v.
715 841 882 879 Londini
902 842 1080 893 repetita.

306 895 315 898 ”
333 926 388 932 -
414 916 504 942 cum
523 905 628 943 notis
646 905 1112 957 Jo.Rutgersii.U1traj.
1139 907 1200 944 12.

338 969 441 1006 1695
471 968 640 1007 Minellii
660 982 701 1006 v.
718 969 859 1008 Franc.
881 976 921 1007 et
939 968 1063 1008 Herb.
1084 969 1190 1021 typis
1209 969 1274 1008 Jo.
1290 968 1394 1007 Phil.
1413 968 1598 1008 Andreae.
1614 972 1653 1007 8.

332 1054 388 1060 —
414 1031 586 1069 Rodellii
607 1044 670 1070 1v.
688 1031 836 1069 Leodii.
858 1034 897 1070 8.

332 1117 386 1124 -
414 1095 458 1132 In
481 1107 596 1132 usum
616 1094 803 1144 Delphini
821 1107 896 1132 111.
921 1106 990 1144 per
1009 1094 1051 1132 L.
1073 1095 1260 1145 Desprez.
1279 1094 1378 1133 Acc.
1410 1094 1552 1134 Horat.
1585 1094 1668 1134 vita
1686 1102 1729 1133 et

281 1157 408 1196 Aldus
429 1157 489 1196 M.
510 1157 560 1195 de
575 1156 709 1195 metris
732 1157 830 1195 Hor.
850 1157 1017 1196 Amstel.
1033 1159 1073 1196 8.

276 1264 279 1267 ³
339 1222 441 1259 1696
470 1234 519 1260 ex
535 1234 613 1259 rec.
633 1221 802 1260 Heinsii.
825 1221 945 1259 Antv.
965 1223 1030 1260 24.
1050 1234 1103 1260 m.
1135 1269 1138 1272 y

335 1308 389 1313 —
415 1299 504 1323 cum
524 1298 665 1323 comm.
688 1285 879 1323 Lambini.
901 1284 1006 1323 Edit.
1029 1297 1092 1323 ιν.
1114 1284 1146 1321 F
1149 1285 1295 1323 rancof.
1316 1287 1355 1322 4.

336 1371 389 1375 —
418 1348 590 1385 Rodellii
612 1360 651 1384 V.
674 1348 799 1385 Paris.
823 1350 860 1385 8.

335 1434 390 1440 —
418 1411 563 1463 Opera,
583 1423 673 1448 cum
706 1411 808 1448 notis
829 1410 991 1448 Eduard
1016 1424 1039 1449 a
1070 1411 1210 1449 Zurck.
1245 1409 1420 1448 Harlem.
1453 1421 1502 1447 ex
1535 1415 1617 1461 typ.
1639 1410 1728 1449 Nic.

285 1475 426 1514 Braau.
449 1476 488 1512 8.
509 1474 583 1512 Ed.
603 1474 738 1512 rarior.

335 1562 390 1567 —
417 1538 603 1576 Carmina
638 1543 871 1588 expurgata,
921 1545 1110 1589 perpetua
1158 1536 1477 1590 interpretatione
1523 1536 1733 1576 illustravit

282 1604 305 1641 J
310 1602 446 1653 oseph.
467 1601 517 1639 de
536 1601 754 1651 Jouvency.
776 1600 903 1639 Paris.
917 1613 987 1652 per
1002 1601 1097 1640 Sim.
1114 1601 1274 1640 Benard
1292 1606 1334 1640 et
1352 1599 1469 1640 Rich.
1497 1599 1730 1641 Lallement.

284 1668 308 1703 2
330 1665 423 1704 voll.
448 1666 509 1703 12.

342 1730 443 1768 1698
473 1729 605 1779 Opera
622 1734 852 1779 expurgata.
874 1727 1065 1766 Lut.Par.
1086 1729 1123 1766 8.

336 1815 391 1822 —
417 1792 562 1844 Opera.
582 1792 725 1830 Venet.
749 1793 810 1830 12.

337 1880 392 1886 —-
419 1857 565 1908 Opera.
583 1855 711 1906 Lugd.
733 1857 799 1893 24.

342 1921 445 1958 1699
475 1920 518 1956 In
539 1931 654 1956 usum
676 1917 861 1968 Delphini
882 1930 946 1954 1v.
964 1929 1032 1966 per
1054 1918 1242 1968 Desprez.
1264 1918 1432 1959 Londin.
1449 1903 1487 1959 8.

418 2109 563 2148 AETAS
593 2109 662 2146 IV.
694 2106 979 2154 LITIGIOSA,
1005 2107 1238 2144 TANDEM
1268 2107 1573 2149 ECLECTICA

288 2215 291 2217 ’
342 2217 636 2268 Antesignauos
664 2215 784 2254 habet
807 2215 895 2254 haec
920 2222 1018 2253 aetas
1037 2215 1126 2254 Jac.
1147 2215 1385 2263 Talbotium‚
1407 2223 1449 2255 et
1477 2215 1586 2256 Guil.
1623 2217 1731 2257 Bax-

289 2291 430 2328 terum,
450 2280 629 2331 Anglos;
659 2292 758 2330 quos
779 2286 937 2318 secutus
957 2287 1019 2318 est
1038 2278 1152 2317 Rich.
1174 2279 1391 2327 Bentleius‚
1410 2279 1488 2318 illis
1503 2280 1640 2332 major,
1659 2282 1731 2321 sed

292 2344 522 2387 emendator
540 2343 643 2382 ultra
675 2356 794 2394 quam
813 2343 929 2382 decet
948 2343 1093 2390 audax,
1113 2355 1203 2381 cum
1216 2342 1335 2382 Petro
1350 2343 1592 2392 Burmanno,
1612 2345 1732 2385 Bata-

289 2425 365 2455 vo;
397 2414 605 2460 superatus
624 2413 754 2446 tamen
771 2407 852 2447 fere
871 2408 1047 2446 acerbius
1067 2407 1117 2445 ab
1145 2406 1262 2446 Alex.
1283 2406 1561 2459 Cuningamio,
1585 2409 1734 2461 Anglo.

289 2476 479 2525 Princeps
510 2470 718 2524 postillos
751 2471 910 2511 incessit
946 2471 1102 2510 Natalis
1137 2470 1273 2523 Steph.
1307 2467 1493 2510 Sanadon
1514 2472 1556 2510 S.
1576 2472 1617 2512 J.
1637 2472 1735 2512 Pro-

288 2539 427 2579 mereri
445 2536 536 2575 dein
571 2536 621 2575 de
653 2536 817 2574 Horatio
849 2536 981 2575 conati
1013 2541 1107 2573 sunt
1126 2535 1274 2586 Georg.
1295 2534 1425 2574 Wade
1443 2541 1484 2574 et
1513 2534 1579 2575 Jo.
1596 2536 1735 2585 Jones,

291 2603 426 2653 Angli,
451 2602 490 2639 J.
511 2601 568 2639 M.
590 2600 808 2647 Gesnerus,
836 2600 993 2639 Baxteri
1020 2599 1178 2651 quidem
1198 2599 1366 2646 assecla,
1387 2599 1460 2638 sed
1490 2599 1540 2648 is,
1560 2606 1606 2638 ut
1634 2601 1736 2640 inter

291 2680 379 2707 eum
397 2671 437 2702 et
451 2664 673 2703 Bentleium
693 2665 844 2715 medius
865 2665 940 2704 sit:
967 2664 1178 2704 novissime
1194 2663 1294 2703 Lud.
1314 2662 1521 2702 Poinsinet
1539 2663 1589 2703 de
1609 2664 1734 2716 Sivry,

295 2729 448 2774 Gallus,
470 2734 508 2766 et
544 2729 610 2778 qui
638 2728 798 2768 tandem
835 2728 1007 2768 omnium
1044 2727 1187 2768 criticis
1219 2728 1320 2768 curis
1339 2740 1434 2768 usus
1470 2741 1553 2779 prae
1581 2727 1731 2774 ceteris,
