1858 3184
270 203 383 246 1988
695 214 952 246 REosusus
998 207 1284 245 Em‘riouum

327 316 428 354 1765
457 314 624 352 Bentleii
647 328 731 353 vu.
750 314 913 352 Londin.
937 317 961 352 2
981 314 1074 354 voll.
1095 317 1135 354 8.

325 379 425 417 1767
455 391 491 418 c.
508 391 611 432 vers.
632 378 801 430 Anglica
821 379 983 418 metrica
1002 385 1042 418 et
1059 378 1240 430 prosaica
1261 378 1422 429 interpr.
1440 377 1624 429 notisque
1646 390 1713 430 per

269 444 316 482 C.
337 443 481 481 Smart.
502 442 670 480 Londin.
691 444 716 479 4
734 442 831 481 voll.
853 444 892 480 8.

320 530 374 536 —-
403 507 448 544 In
466 518 580 544 usum
603 505 787 556 Delphini
810 519 917 545 xur.
940 505 1157 558 Desprezii.
1179 505 1342 544 Dublin.
1366 507 1404 543 8.

321 592 373 600 --
401 568 544 607 Bondii
566 580 692 608 var.
715 570 845 608 Aurel.
866 578 948 622 typ.
967 570 1114 624 Couret
1127 569 1176 608 de
1196 569 1413 608 Villeneve.
1437 570 1499 607 12.

326 634 427 671 1768
458 633 590 671 Clavis
611 635 813 685 poetarum
833 634 1103 681 classicorum,
1125 634 1206 672 sive
1233 633 1358 673 Index
1378 632 1580 684 Philolog.
1592 632 1716 682 critic.

267 699 305 735 in
328 697 545 736 Horatium.
587 697 684 735 Pars
704 697 813 736 Prior
833 704 874 737 et
893 697 1104 737 Posterior.
1132 698 1302 736 Auctore
1322 696 1486 736 Gottlob
1513 695 1718 735 Benedict.

270 761 474 800 Schirach.
495 760 622 799 Halae.
648 763 685 799 8.

322 825 424 864 1769
437 863 440 866 ,
453 825 773 865 Chrestomathia
787 825 943 877 poetica
969 826 1202 872 Horatiana,
1221 838 1302 866 cur.
1322 826 1388 865 Jo.
1406 824 1530 864 Mich.
1549 824 1717 864 Heinze.

266 889 372 942 Lips.
394 891 433 927 8.

319 976 374 982 —
402 953 503 991 Odae
537 966 599 991 VI.
635 954 806 1001 selectae,
845 966 945 1006 quas
983 953 1142 1001 fidibus,
1170 953 1376 1005 vocalique
1420 953 1583 992 musicoe
1624 957 1719 1004 post

267 1017 415 1059 saecula
433 1017 602 1055 restituit
621 1017 771 1068 ,loseph
803 1018 998 1056 Antonius
1030 1016 1251 1069 paganelli,
1287 1017 1411 1066 Ducis
1430 1016 1648 1056 Brunswic.
1679 1021 1720 1054 et

267 1081 418 1122 Luneb.
441 1080 609 1122 Musicae
630 1081 894 1132 Compositor,
912 1081 1329 1132 =Operaoctava2Ap.
1360 1079 1612 1130 Montouley.
1631 1079 1673 1116 S.
1690 1078 1716 1116 l.

267 1144 337 1184 fol.
357 1143 458 1193 (Lib.
480 1157 533 1183 11.
554 1143 632 1182 Od.
652 1145 712 1182 10.
747 1144 829 1181 Lib.
855 1157 885 1182 1.
903 1143 982 1182 Od.
1001 1145 1068 1183 22.
1089 1144 1171 1182 Lib.
1193 1157 1244 1182 11.
1266 1143 1346 1185 Od.
1368 1144 1407 1183 3.
1434 1142 1519 1182 Lib.
1541 1155 1618 1194 111..
1634 1139 1717 1195 Qd.

271 1209 337 1246 21.
374 1207 511 1249 Lib„1.
528 1206 694 1245 Od.11.
731 1207 814 1246 Lib.
833 1221 906 1246 111.
928 1199 1007 1246 Od.
1025 1209 1085 1256 9.)

326 1274 427 1310 1770
456 1272 603 1323 Opera,
636 1271 686 1309 ad
715 1270 832 1310 fidem
866 1284 1030 1310 Lxxvr.
1063 1271 1271 1311 Codicum.
1300 1270 1616 1321 Accedunt,'(l.)
1646 1269 1720 1322 Sy-

268 1335 402 1386 nopsis
419 1334 702 1385 chronologica
717 1348 844 1373 rerum
862 1336 1129 1375 Romanarum
1143 1336 1299 1374 vivente
1313 1336 1492 1387 Horatio.
1511 1336 1587 1384 (2.)
1604 1334 1723 1382 Trac-

267 1398 416 1437 tatulus
452 1397 501 1436 de
534 1398 667 1436 metris
689 1397 945 1437 Horatianis:
975 1401 1050 1449 (3.)
1068 1400 1199 1438 Variae
1223 1398 1611 1448 Lxxv1.‚Codicum
1638 1397 1718 1435 lec-

266 1462 395 1501 tiones
411 1475 422 1500 :
449 1462 525 1513 (4.)
543 1461 750 1511 Phrasium
769 1461 995 1509 difficilium,
1008 1464 1249 1503 enucleati0:
1280 1464 1354 1514 (5.)
1371 1463 1542 1502 Lexicon
1557 1461 1721 1514 Mytho-

198 1575 201 1578 Δ
266 1526 454 1578 logicum,
466 1525 730 1573 ,Historicurm
744 1533 783 1565 et
804 1526 1122 1579 Geographicum
1139 1542 1149 1567 ε
1168 1530 1242 1578 (6.)
1258 1528 1544 1567 Dictionarium
1559 1526 1720 1565 Latino-

269 1569 469 1628 Callicum
501 1602 643 1628 vocum
676 1590 995 1639 Horatianarum,
1024 1605 1114 1643 quae
1142 1592 1340 1641 ,lectorem-
1361 1591 1515 1638 morari-
1532 1596 1717 1643 possunt.

271 1653 447 1692 Cur-ante
467 1653 554 1693 Jos.
569 1653 722 1698 Valart.
742 1653 869 1694 Paris.
893 1656 931 1693 8.
948 1697 951 1700 ,
977 1655 1166 1704 Valartus
1184 1655 1313 1694 Codd.
1333 1655 1384 1694 ad
1399 1668 1513 1708 ‘quos
1531 1653 1718 1693 Horatius

268 1713 399 1755 adhuc
418 1716 635 1756 recensitus
654 1724 730 1765 est,
749 1719 968 1758 numeravit
985 1719 1159 1770 quidem.
1178 1719 1250 1766 sed
1268 1718 1424 1768 nullum,
1435 1720 1520 1771 ipse
1532 1717 1718 1770 inspexit.

268 1782 307 1820 Is
327 1781 446 1833 igitur
477 1781 672 1834 principes
706 1782 896 1822 editiones
932 1788 1086 1821 tantum
1126 1783 1304 1832 contulit,
1343 1782 1546 1836 Sanadoni
1564 1787 1717 1822 textum

267 1845 381 1884 basin
402 1845 508 1892 fecit,
527 1846 661 1884 multis
694 1852 748 1897 et·
770 1846 891 1894 illius,
923 1853 964 1886 et
996 1847 1262 1899 Cuningamii,
1281 1854 1322 1888 et
1350 1847 1531 1895 Bentleii,
1559 1846 1720 1898 suisque

263 1909 522 1960 conjecturis,
542 1909 583 1946 in
602 1909 745 1959 quibus
766 1911 947 1960 quaedam
963 1911 1043 1949 veri
1062 1912 1278 1962 persimiles
1297 1911 1493 1959 videntur,
1507 1910 1722 1962 rescriptis,

267 1972 452 2023 quaedam
482 1971 600 2010 etiam
632 1971 750 2011 debet
769 1972 963 2020 Gesnero,
985 1973 1088 2023 ‘licet
1116 1973 1223 2011 haud
1253 1986 1406 2026 semper
1432 1973 1608 2012 laudato.
1663 1973 1718 2010 At

264 2049 349 2082 ,non
376 2042 566 2081 *accurate
597 2035 693 2074 satis
724 2042 916 2075 tractasse
945 2036 1175 2089 interpretes
1206 2038 1374 2090 optimos
1404 2037 1526 2076 fertur
1554 2037 1594 2075 in
1614 2037 1719 2075 notis

269 2099 427 2146 criticis,
461 2112 551 2150 quae
583 2098 634 2137 cl.
674 2098 854 2138 Harlesio
886 2099 1098 2139 admodum
1129 2114 1266 2153 paucae
1302 2114 1376 2140 nec
1400 2101 1623 2150 ,fructuosae
1659 2100 1718 2139 di—

273 2169 429 2203 cuntur.

324 2250 378 2257 -
406 2225 739 2277 Birminghamiae,
761 2227 864 2280 typis
883 2228 949 2268 Jo.
971 2229 1225 2285 Baskerville.
1246 2229 1351 2268 Edit.
1376 2231 1493 2268 1762.
1511 2242 1663 2269 recusa.

324 2314 379 2320 -
406 2289 605 2336 Carmina,
638 2290 850 2338 collatione
896 2292 1127 2344 scriptorum
1171 2287 1400 2334 Graecorum
1438 2294 1633 2333 illustrata
1668 2293 1717 2332 ab

275 2354 634 2405 Herm—Wagnero.
656 2349 785 2405 Halae.
808 2357 845 2394 8.

327 2442 381 2448 —
409 2417 546 2471 Ejusd.
566 2417 847 2459 Additamento.
866 2420 917 2459 ad
934 2421 984 2466 Q.
1004 2422 1055 2459 H.
1078 2422 1121 2460 F.
1142 2422 1344 2472 Carmina,
1364 2422 1574 2463 collatione
1593 2420 1717 2474 scrip-

274 2489 401 2522 torum
417 2483 648 2521 Graecorum
667 2482 876 2524 illustrata.
893 2484 1022 2525 Halae.
1048 2488 1164 2525 1771.
1183 2489 1220 2526 8.

327 2571 380 2576 —
409 2546 503 2586 Chr.
524 2546 600 2584 Ad.
618 2546 761 2586 Klotzii
781 2548 985 2588 Lectiones
1002 2550 1230 2591 Venusinae.
1251 2551 1416 2604 Lips.·8.

330 2631 381 2638 -—
410 2611 729 2650 Chrestomathia
767 2612 906 2652 Latina
949 2615 1106 2665 poetica
1151 2615 1413 2655 animadvers.
1458 2614 1652 2670 illustrata
1690 2625 1715 2652 a

275 2673 454 2724 Theoph.
477 2674 706 2727 Christoph.
729 2676 886 2716 Harles.
905 2678 965 2716 Ex
983 2679 1088 2718 offic.
1109 2679 1375 2719 Richteriana.
1395 2680 1556 2719 Altenb.
1579 2681 1618 2718 8.

335 2738 431 2775 1771
465 2738 509 2774 In
530 2751 643 2777 usum
665 2739 849 2792 Delphini
873 2755 962 2783 xxv.
983 2743 1198 2796 Desprezii.
1219 2743 1402 2797 Neapoli.
1421 2747 1444 2784 2
1459 2744 1558 2795 yoll.
1581 2746 1607 2782 4
1627 2740 1714 2790 maj·
