1858 3184
239 222 354 265 1796

239 327 374 372 quidvis
389 328 535 361 locutus.

280 381 324 412 73
348 379 484 411 Tandem
498 375 682 418 dormitum]
718 377 867 412 Jubetur
889 377 939 410 ire

241 428 391 461 domum.

280 482 323 512 74
352 479 460 520 Visus]
484 479 585 511 Visus
600 483 665 510 est.

279 534 322 563 75
345 531 443 563 Mane
465 531 576 572 cliens]
605 530 655 562 Ut
670 532 706 561 et
720 528 888 561 salutandi
903 533 940 561 et

237 580 440 620 comitandi,
453 580 480 612 si
495 589 580 621 opus
592 583 696 618 esset,
706 578 853 611 officium
871 588 942 620 per-

238 636 381 672 ageret3
417 635 457 662 ιιι
489 639 545 663 ιιι.
573 629 642 662 Od.
670 632 699 661 1.
729 633 739 648 ‘
754 629 810 662 Illi
839 629 943 661 turba.

237 681 417 714 clientium
432 681 487 713 Sit
501 679 630 722 maJor.'
647 680 792 712 Tor-rent.
827 677 940 719 Mane]

238 732 422 765 Postridie.
469 732 583 763 Certus
594 729 738 771 convivo]
753 729 821 763 Qui
837 729 942 762 etiam

237 793 305 816 uon
321 787 464 816 vocatus
479 782 599 814 adesse
616 785 731 823 posset
747 792 755 813 ε
776 790 843 813 non
860 791 942 822 qua·

236 834 279 866 lis
307 834 364 865 ille
388 833 478 874 apud
500 833 626 866 Juven.
655 832 730 864 Sat·
755 840 790 863 v.
823 832 833 849 ‘
851 831 940 871 Ergo

237 883 322 915 duos
339 888 417 924 post
433 882 469 914 Si
486 882 586 914 libuit
598 891 732 914 meuses
744 881 939 922 neglectum

235 931 399 964 adhibere
416 931 601 968 clientem,'
614 933 679 964 διο.
695 931 784 963 Torr.
829 932 943 963 Certus

235 981 380 1023 concina]
405 980 634 1014 Quotidianus
651 981 805 1013 conviva.

278 1034 321 1063 76
336 1032 471 1063 Indictis
484 1041 584 1063 comes
599 1031 646 1063 ire
663 1029 804 1071 Latinis]
829 1032 940 1063 Deco-

235 1090 310 1112 rum
322 1081 494 1113 observat.
517 1081 714 1121 Philippum
728 1080 829 1115 euim,
840 1089 940 1122 quem

234 1130 359 1162 fortem
376 1140 416 1162 ac
432 1135 608 1162 strenuum
623 1129 833 1171 agendisque
843 1140 942 1162 caus-

235 1181 282 1212 sis
307 1180 437 1212 clarum
463 1189 540 1212 esse
562 1179 711 1219 dixerat,
726 1188 792 1211 uon
809 1179 873 1211 nisi
889 1178 941 1212 fe·

236 1232 378 1264 rialibus
403 1232 524 1263 diebus
547 1232 667 1264 abesse
688 1231 940 1264 conveniebat:

235 1282 417 1324 siquidem,
434 1287 442 1301 ⁶
456 1283 631 1314 Feriarum
649 1283 762 1323 ratio,'
776 1288 813 1314 ιιι
828 1283 942 1324 inquit

235 1332 310 1364 Cic.
335 1332 378 1363 de
405 1333 524 1373 Legib.
539 1341 582 1364 ιι.
603 1338 613 1351 ‘
628 1333 660 1364 in
677 1333 792 1364 liberis
808 1333 941 1374 requie-

236 1387 306 1413 tem
318 1381 424 1413 habet
437 1381 547 1413 litium
561 1385 596 1412 et
606 1382 810 1423 jurgiorum,
825 1382 857 1413 in
870 1391 939 1413 ser-

235 1432 287 1463 vis
302 1441 443 1473 operum
459 1436 496 1463 et
511 1431 690 1464 laborum!
722 1431 764 1464 1‹1
779 1441 859 1463 vero
877 1432 940 1463 La·

236 1482 318 1514 tinis
342 1481 440 1514 feriis
467 1482 521 1514 vel
551 1482 698 1514 maxime
725 1482 939 1514 servabatur.

237 1534 383 1565 Torrent.
441 1533 577 1564 Indictis
602 1543 701 1565 comes
728 1533 775 1565 ire
798 1532 941 1574 Latinis]

234 1584 344 1616 Feriis
370 1583 505 1615 Latinis
531 1593 552 1615 a
577 1584 728 1616 Consule
750 1584 940 1625 imperatis.

235 1634 278 1665 In
293 1633 416 1676 quibus
432 1642 500 1665 uon
517 1633 647 1666 licebat
671 1634 800 1676 aliquid
826 1633 880 1675 agi
905 1634 940 1665 in

233 1683 332 1714 urbe.

276 1735 319 1764 77
343 1733 513 1774 Inpositus
534 1734 674 1775 mannia]
705 1734 784 1766 Hoc
807 1743 940 1776 quoque

233 1784 359 1816 Maenae
375 1783 608 1816 commoditati
629 1784 764 1823 datum,
787 1789 826 1816 ut
847 1794 941 1816 mou-

233 1834 348 1865 niculo
365 1833 560 1872 veheretur,
574 1833 624 1864 ιιιί
639 1833 736 1865 dives
752 1834 809 1866 ille
825 1834 942 1865 Maena

232 1883 392 1918 libertus,
419 1880 528 1921 Epod.
547 1889 599 1913 tv.
622 1880 792 1922 ‘Appiam
808 1883 940 1913 mannis

234 1930 339 1964 terit!
358 1931 503 1962 Torrent-
540 1930 687 1970 mannis]
711 1930 817 1970 Equis
835 1930 938 1970 pusil-

233 1981 288 2012 lis.
335 1979 512 2020 Coelumque
538 1978 705 2020 Sabinum]
729 1978 854 2011 Aetem
877 1980 938 2011 Sa-

235 2029 363 2062 binum.

275 2082 319 2112 78
343 2079 418 2110 Non
431 2081 531 2110 cessat
546 2078 689 2119 laudare]
713 2078 884 2111 Vulteius.

275 2132 319 2161 79
344 2128 485 2169 Quoerit]
510 2129 704 2169 Philippus.
883 2146 885 2149 ⁴

276 2181 319 2210 82
334 2177 513 2218 Mereatur]
528 2179 685 2210 Vulteius
697 2178 842 2219 agellum
854 2188 939 2210 mer-

236 2233 347 2262 catur.

277 2281 319 2310 83
342 2279 397 2310 Ex
412 2278 512 2310 nitido
520 2278 567 2321 fit
582 2278 733 2320 rusticus]
767 2279 815 2311 Ut
837 2279 847 2297 ‘
859 2279 939 2312 niti-

235 2327 334 2360 dum’
350 2332 430 2360 ante
443 2329 639 2370 descripsit,
657 2330 824 2369 adrasum,
840 2329 850 2347 ‘
863 2339 937 2361 cur·

234 2383 365 2412 tantem
377 2379 502 2411 leniter
514 2389 642 2421 ungues
653 2379 672 2419 ;'
683 2380 731 2412 ita
742 2389 830 2411 nunc
845 2381 854 2397 ‘
867 2390 939 2412 rus·

236 2429 343 2460 ticum
354 2427 363 2440 '
387 2429 544 2462 scabrum
571 2430 821 2471 intonsumque.
849 2431 938 2462 Torr.

236 2479 292 2509 Ex
305 2479 405 2510 nitido
419 2478 482 2521 fit]
516 2480 569 2512 Ex
589 2480 720 2513 urbano
735 2480 775 2513 fit
790 2481 938 2514 incultus

236 2534 272 2560 et
289 2530 473 2563 obsoletus.

278 2581 320 2610 84
344 2579 389 2610 Et
404 2581 525 2622 vineta]
557 2582 651 2615 Loca
667 2582 790 2615 vitibus
804 2582 938 2615 consita

237 2627 343 2659 solum
358 2627 462 2660 habet
478 2629 511 2659 in
528 2639 597 2663 ore.

280 2679 321 2708 8⁵
339 2678 384 2708 Ee
394 2678 513 2718 amore]
538 2680 639 2711 Lucri
653 2681 767 2715 studio
780 2681 938 2715 tabescit.

237 2726 394 2767 Senescit]
433 2726 483 2758 Ut
513 2733 522 2745 ‘
534 2730 680 2761 seuium’
714 2737 848 2764 veteres
878 2741 939 2773 pro

238 2775 328 2817 odio,
355 2775 472 2819 taedio,
497 2787 536 2810 ac
554 2780 709 2813 molestia
724 2781 864 2822 dixere;
890 2783 939 2816 sio

705 224 847 265 riom
880 231 1144 264 unionum
1177 232 1230 264 ιΝ

991 328 1093 360 etiam
1123 332 1132 346 ⁴
1148 336 1327 359 senescere
1344 329 1352 343 '
1382 336 1444 369 pro
1474 328 1620 362 cruciari
1649 339 1689 362 at:

990 378 1169 409 macerari.
1193 378 1335 409 Torrent-

1033 431 1073 460 87
1096 428 1189 470 Spem
1202 429 1334 461 mentita
1347 428 1448 469 seges]
1472 428 1591 461 Simile
1606 429 1690 462 illud

989 479 1115 511 Tibulli
1127 480 1184 512 lib.
1194 488 1233 511 ιι.
1249 485 1258 499 ⁶
1271 480 1351 512 Neu
1363 489 1466 521 seges
1475 479 1598 511 illudet
1605 488 1692 512 mes·

991 538 1046 560 ses
1061 527 1241 561 fallacibus
1255 529 1394 561 herbis.’
1432 529 1481 562 At
1495 536 1617 562 contra
1630 530 1692 561 ali-

992 578 1047 611 bi:
1066 583 1075 598 ⁸
1089 579 1224 620 Segetis
1240 583 1336 611 certa
1350 578 1435 610 tides
1447 578 1559 612 mem:
1595 579 1700 620 seges
1741 573 1747 578 “

992 634 1104 661 autem
1123 640 1142 661 a
1155 629 1301 662 serendo
1315 629 1418 665 dicta,
1441 633 1478 662 et
1491 627 1626 662 fruetus
1640 629 1691 671 ip-

992 688 1060 719 sos,
1083 684 1120 711 et
1137 684 1263 711 terram
1281 677 1491 720 fundumque
1507 678 1597 711 unde
1619 687 1695 711 nes-

992 734 1127 771 cuntur,
1141 729 1322 771 significat.
1357 728 1473 770 Atque
1487 728 1538 759 ita
1551 729 1562 747 ⁴
1575 729 1695 760 stimu-

991 779 1100 812 lorum
1114 780 1230 822 seges’
1245 779 1336 821 apud
1358 779 1474 811 Plaut.
1486 777 1601 811 Aulul.
1613 787 1694 811 con-

991 830 1110 862 vitium
1136 836 1191 862 est
1210 831 1245 862 in
1262 830 1458 870 servulum;
1479 828 1576 871 cujus
1593 833 1692 871 tergo

991 890 1059 912 non
1086 882 1186 912 aliter
1211 881 1337 913 stimuli
1362 880 1566 919 inhaereant,
1590 888 1691 920 quam

992 939 1074 971 agro
1089 930 1219 972 fruges.
1246 930 1389 962 Torrent.
1438 929 1535 970 Spem
1548 929 1695 971 mentita]

991 979 1179 1022 Postquam
1195 990 1278 1021 ager
1287 985 1393 1015 sams,
1405 980 1515 1011 minus
1528 978 1692 1015 reddidit.

991 1039 1092 1072 quam
1108 1034 1309 1071 speraverat
1322 1029 1484 1071 agricola.

1033 1082 1075 1113 88
1098 1080 1210 1112 Media
1223 1081 1262 1112 de
1275 1079 1379 1120 nocte]
1405 1078 1516 1112 Paulo
1531 1083 1610 1121 post
1621 1087 1692 1111 rne-

990 1128 1080 1161 diam
1095 1136 1244 1165 noctem.
1443 1127 1446 1130 ⁴
1664 1168 1669 1171 ⁴

1033 1182 1076 1211 9⁰
1098 1179 1249 1212 &abram
1283 1178 1513 1220 insanumque]
1559 1178 1694 1221 Squali-

990 1228 1071 1261 dum
1088 1234 1125 1262 et
1140 1230 1327 1272 impexum.
1371 1247 1381 1252 -

1032 1283 1073 1312 91
1097 1281 1223 1322 Durus]
1245 1281 1358 1314 Homo
1382 1280 1515 1312 ferreus
1539 1286 1575 1313 et
1600 1280 1693 1312 tabo-

990 1329 1108 1362 riosus.
1136 1330 1362 1373 Aetentusque]
1378 1330 1544 1363 Attentus
1555 1330 1598 1363 ad
1609 1339 1695 1372 rem,

990 1379 1024 1412 id
1041 1384 1106 1421 est,
1122 1390 1255 1413 avarus.

1032 1432 1075 1461 92
1098 1430 1174 1471 Pol]
1195 1430 1313 1462 Verba
1328 1434 1407 1462 sunt
1420 1430 1564 1463 Vulteii.

1031 1484 1074 1513 93
1094 1482 1212 1514 Ponere
1220 1483 1344 1524 nomen]
1360 1482 1493 1515 Nomen
1504 1481 1692 1524 imponere.

989 1530 1073 1571 Alii,
1091 1533 1205 1564 dicere.

1033 1584 1075 1614 94
1100 1582 1192 1619 Quod
1215 1585 1246 1614 te
1269 1581 1340 1623 per]
1361 1582 1512 1624 Propter
1537 1581 1629 1624 quod
1657 1586 1692 1615 te

990 1631 1146 1668 obsecro,
1173 1633 1238 1669 vel,
1263 1643 1363 1675 quam
1389 1627 1461 1666 rem
1483 1637 1519 1665 te
1537 1633 1692 1666 obsecro.

991 1682 1061 1714 Per
1077 1682 1229 1724 Genium]
1252 1683 1310 1715 lta
1335 1683 1377 1715 de
1402 1683 1522 1715 colono
1544 1682 1692 1725 qnod-u

989 1742 1052 1764 suo
1073 1733 1180 1765 etiam
1205 1735 1337 1766 Seneca
1357 1733 1471 1775 Epist.
1486 1741 1553 1766 xu.
1567 1732 1610 1764 ad
1626 1732 1692 1764 Lu·

990 1781 1077 1813 cium
1089 1792 1100 1814 z
1123 1783 1133 1801 ⁴
1150 1783 1221 1814 Per
1233 1783 1382 1815 Genium
1397 1792 1508 1815 meum
1523 1791 1562 1815 se
1577 1782 1693 1814 omnia

990 1829 1119 1872 facere,
1157 1832 1191 1864 in
1223 1833 1319 1865 nulla
1347 1842 1385 1864 re
1410 1842 1546 1865 cessare
1574 1841 1693 1864 euram

991 1882 1110 1912 suam.'
1152 1882 1269 1924 Atque
1286 1884 1334 1914 ita
1349 1882 1421 1915 fere
1437 1883 1525 1915 servi
1542 1891 1604 1925 per
1618 1882 1693 1915 heri

991 1929 1138 1962 Genium
1161 1931 1280 1971 jurare
1306 1932 1410 1970 soliti,
1438 1937 1478 1963 ut
1505 1942 1567 1974 per
1598 1933 1690 1964 herae

990 1980 1176 2020 Junonem,
1190 1981 1333 2014 ancillae.
1360 1982 1503 2014 Torreat.

1031 2033 1075 2062 96
1092 2031 1156 2067 Qui
1170 2032 1263 2063 simul
1276 2032 1411 2073 aspexit,
1423 2036 1573 2074 quantum
1583 2033 1692 2066 ‹tinde-

988 2090 1023 2111 sa
1035 2081 1160 2122 petitis]
1193 2082 1260 2115 Qui
1276 2082 1452 2124 Philippus
1468 2089 1692 2126 posteaquam

989 2130 1233 2171 consideravit,
1269 2138 1432 2174 quantum
1469 2133 1621 2175 dimissa,
1653 2134 1691 2166 id

989 2185 1052 2216 est,
1066 2180 1184 2212 relicta
1195 2181 1326 2214 distent
1338 2192 1359 2214 a
1370 2183 1502 2225 petitis,
1515 2184 1603 2217 dixit
1616 2185 1690 2217 hec

990 2230 1092 2261 verba
1109 2242 1116 2260 :
1156 2231 1289 2264 Redeat
1319 2233 1476 2266 Vulteius
1505 2234 1541 2266 in
1570 2234 1690 2267 urbem

989 2290 1089 2321 quam
1127 2282 1272 2322 primum
1307 2288 1343 2314 et
1374 2283 1478 2315 vitam
1516 2284 1692 2327 urbanam,

989 2339 1088 2371 quam
1106 2332 1257 2372 reliquit,
1272 2337 1420 2372 repetat.

1030 2383 1072 2412 98
1095 2381 1210 2412 Metiri
1222 2382 1272 2423 se]
1308 2383 1490 2415 Monemnr
1505 2393 1634 2426 omnes,
1648 2389 1689 2418 ut

988 2436 1103 2462 nostra
1118 2436 1209 2463 sorte
1225 2434 1394 2472 contenti,
1414 2443 1458 2465 ne
1474 2435 1688 2476 acquiramus

987 2481 1108 2513 aliena.
1137 2482 1218 2514 Tale
1231 2487 1283 2514 est
1296 2483 1379 2515 illud
1391 2484 1523 2516 Persii:
1539 2487 1549 2504 ‘
1561 2485 1699 2519 Tecum-

988 2531 1114 2568 habita.
1141 2537 1177 2564 et
1203 2533 1295 2564 noris
1319 2543 1419 2575 quam
1444 2535 1490 2567 sit
1507 2535 1572 2567 tibi
1588 2542 1689 2569 curta

986 2582 1166 2621 supellex!
1195 2583 1294 2624 Cruq.
1351 2583 1417 2616 Suo
1444 2585 1581 2626 modulo]
1617 2586 1688 2618 Sna

986 2629 1132 2663 formula
1148 2638 1181 2664 et
1197 2643 1365 2666 mensura.
1414 2634 1528 2667 Verum
1546 2635 1609 2677 est]
1630 2637 1688 2669 ΙΕ-

986 2690 1088 2723 qaum
1105 2687 1169 2714 est.
1551 2684 1555 2687 ’

987 2733 1104 2765 Ειηετ.
1122 2742 1201 2765 νιιι.
1237 2733 1294 2765 An
1310 2735 1455 2768 censum
1472 2734 1686 2769 Ammon·

1029 2791 1122 2816 mm.
1168 2783 1221 2815 Ad
1242 2785 1376 2818 Celsum
1392 2785 1554 2827 scribens,
1573 2795 1609 2817 se
1624 2785 1686 2817 mi-
