1858 3184
250 216 363 260 1808

247 321 422 354 abstinens
446 327 481 354 et
503 321 636 355 sobrius
661 323 755 354 vivas
781 321 895 354 herbis
912 326 950 355 et

248 372 371 409 urtica.
395 371 429 403 id
455 378 522 413 est,
537 372 633 405 tenui
659 377 696 405 et
715 382 819 414 parco
843 373 947 405 victu.

247 421 443 463 Abstemiue]
465 423 542 455 Non
575 423 691 464 placet
721 424 776 455 hic
806 422 947 455 aliarum

247 473 350 504 etiam
367 482 494 512 rerum,
509 481 609 514 quam
626 473 695 504 vini
706 472 949 514 abstinentem,

244 523 256 541 ⁴
273 523 475 555 abstemium
489 523 498 537 ’
513 523 594 563 dici,
609 532 671 564 per
686 522 895 566 κατάχρησιν,
909 529 948 557 ut

247 573 343 604 aiunt
386 573 612 605 Grammatici
631 583 640 605 ε
681 574 819 616 proprie
856 574 947 606 enim

247 633 329 654 usus
355 627 420 662 est,
449 622 645 663 significans
671 623 774 655 Itium
797 634 886 666 aqua
910 629 948 657 et

247 672 411 705 olusculis
428 672 613 705 victitasse.
656 674 719 705 Est
736 679 850 706 autem
865 675 875 692 ‘
888 674 947 706 ab·

245 722 505 762 stemins,'teste
520 723 762 764 Quinctiliano,
779 734 844 756 vox
858 733 948 756 com·

247 773 372 813 posita,
388 772 431 804 ab
455 772 666 806 abstinentia
680 779 717 806 et
735 779 863 806 temeto
878 774 950 806 dic-

248 826 297 855 ta.
342 822 464 855 Herbi,
482 823 571 855 Vivis
585 828 617 856 et
631 824 750 865 urtica]
767 824 857 856 Satis
873 829 949 857 erat

247 873 350 905 herbis
378 873 533 905 dixisse:
558 875 569 892 ‘
584 874 750 907 urticam’
778 875 886 917 addit,
910 881 949 908 ut

248 924 412 965 majorem
428 925 539 956 victus
556 925 723 957 vilitatem
738 931 848 967 notet,
872 927 949 959 her-

252 974 332 1006 bam
370 975 546 1007 nominans
581 980 768 1017 agrestem,
811 976 949 1009 medicis

249 1034 349 1066 quam
366 1025 484 1066 coquis
501 1026 682 1057 notiorem.
726 1025 817 1058 Mira
833 1032 949 1059 autem

250 1075 473 1116 quorumdam
494 1080 647 1107 veterum
664 1075 948 1116 Philosophorum

249 1124 470 1161 abstinentia,
498 1124 549 1156 ita
569 1130 607 1156 ut
633 1126 643 1142 ‘
658 1125 825 1165 dipondii'
850 1136 951 1159 voca·

246 1179 377 1214 rentur,
389 1175 446 1216 qni
457 1174 514 1207 vix
530 1175 616 1207 duos
632 1176 665 1208 in
681 1176 771 1209 diem
787 1186 880 1210 asses
890 1177 952 1210 ab·

247 1230 434 1257 sumerent.
460 1226 606 1258 Tor-rent.

293 1277 313 1305 8
335 1274 390 1306 Sic
414 1275 500 1306 vires
527 1276 686 1317 protinus]
713 1277 831 1309 Dictio
852 1278 952 1318 proti·

247 1334 319 1364 nus,
331 1334 393 1365 pro
407 1334 474 1365 quo
487 1325 589 1357 etiam
604 1327 614 1344 ⁴
628 1327 773 1367 protinis
784 1326 793 1340 ¹
804 1332 841 1359 et
853 1329 863 1346 ‘
876 1337 953 1369 pro·

250 1374 374 1406 tinam’
401 1376 534 1417 antiqui
563 1376 695 1413 dixere,
738 1377 828 1410 idem
859 1378 950 1419 quod

248 1426 258 1443 ‘
277 1424 402 1466 porro‚’
425 1426 436 1444 ⁴
453 1426 697 1467 insequenter,'
721 1437 761 1459 ac
783 1429 794 1446 ‘
811 1428 884 1460 sine
901 1429 951 1460 in-

248 1475 486 1507 ten-missione!
540 1476 623 1508 Vult
652 1477 754 1517 igitur
785 1477 950 1511 Horatius

248 1525 368 1566 Itium,
397 1526 452 1558 cui
484 1531 552 1559 tam
584 1537 704 1568 parum
731 1527 890 1569 sufficiat,
915 1533 952 1561 et

249 1574 374 1617 alioqui
391 1576 466 1617 jam
493 1577 578 1608 nihil
606 1577 708 1619 desit,
731 1578 830 1620 plura
844 1587 951 1621 appe·

248 1628 323 1656 tere
339 1634 406 1657 non
427 1625 565 1658 debere.
593 1627 735 1660 Torrent.
781 1628 950 1671 Protinus]

249 1675 442 1717 Deinceps.

291 1728 314 1757 9
336 1725 483 1767 Inani-ct]
518 1727 568 1758 Ut
598 1731 634 1759 te
662 1727 806 1760 divitem
836 1729 953 1762 faciat.

248 1774 384 1807 Alludit
399 1774 543 1808 fortasse
560 1776 602 1808 ad
619 1777 726 1809 Mida»
743 1778 905 1811 fabulam.

294 1828 334 1856 to
361 1826 416 1856 Vel
440 1827 515 1866 quia
540 1829 703 1869 naturam]
733 1828 870 1860 Natura
896 1838 954 1869 pe-

249 1875 360 1906 cuniae
387 1875 422 1906 in
449 1885 513 1906 usu
537 1881 605 1916 est,
631 1887 739 1917 eaque
765 1888 831 1909 non
861 1880 955 1919 prius

249 1924 380 1960 interit,
401 1934 502 1966 quam
525 1925 558 1956 in
584 1935 645 1956 usu
669 1935 744 1958 esse
766 1931 802 1958 et
821 1926 954 1959 foenore

249 1974 377 2014 desiit;
406 1974 536 2007 idcirco
569 1980 702 2007 mutare
730 1986 823 2008 suam
854 1983 955 2009 natu·

251 2035 322 2057 ram
339 2025 460 2061 nescit,
477 2025 539 2057 sed
556 2026 675 2067 majori
697 2036 832 2068 semper
848 2027 956 2068 major

249 2075 395 2113 accedit,
412 2084 478 2107 non
491 2075 598 2107 minus
612 2086 712 2117 quam
729 2076 820 2108 unda
836 2087 955 2119 super·

250 2126 345 2158 venit
363 2125 477 2158 undae.
520 2126 637 2158 Quare
654 2127 680 2158 si
700 2132 822 2168 pergat
839 2127 954 2160 Iccius

248 2175 428 2217 frugaliter
452 2176 580 2216 vivere,
602 2177 678 2218 quia
703 2182 803 2218 putat
825 2183 956 2210 caetera

249 2227 379 2259 virtute
405 2227 549 2268 minora,
573 2226 646 2259 fore
667 2228 766 2268 dicit,
784 2233 822 2260 ut
845 2238 888 2260 ex
912 2238 955 2261 eo

250 2279 305 2311 vel
321 2279 428 2311 invito
444 2283 481 2311 et
495 2279 603 2311 inscio
619 2279 757 2321 majoris
775 2279 955 2311 continen-

251 2334 306 2361 ter
321 2339 365 2361 ex
387 2329 558 2362 fructibus
581 2330 776 2362 accessione
798 2329 954 2370 pecuniae

252 2386 346 2413 totns
379 2381 440 2413 fiat
479 2390 611 2420 aureus.
669 2381 758 2413 Haec
796 2381 954 2413 nimirum

252 2432 392 2472 Cruquii
407 2431 523 2472 opinio
537 2436 602 2467 est,
618 2430 775 2462 nimirum
798 2435 837 2462 ut
851 2439 956 2471 supra

251 2479 290 2510 τὸ
311 2485 456 2512 naturam
477 2481 719 2522 intelligamus,
742 2485 849 2520 tuam,
864 2480 955 2521 quod

252 2539 318 2560 non
343 2530 417 2561 fieri
440 2536 555 2571 potest
577 2532 651 2563 sine
680 2536 764 2562 nota
791 2530 956 2571 avaritiae,

252 2588 352 2621 quam
379 2581 544 2620 sapientis
569 2586 624 2613 est
651 2579 773 2621 fugere
798 2581 832 2612 in
856 2576 955 2612 amici

253 2630 559 2671 commendatione,
587 2633 638 2663 vel
667 2632 775 2663 multa
805 2631 955 2663 ironic-&s

253 2679 455 2719 accipienda
484 2686 595 2713 erunt.
650 2683 808 2715 Naturam
833 2685 958 2714 mutare

250 2730 383 2771 pecunia
397 2730 513 2770 nescit]
535 2731 592 2762 Sic
610 2731 642 2761 in
660 2732 808 2772 Epodis:
833 2737 842 2751 ¹
857 2733 958 2765 Licet

254 2780 420 2822 superbus
445 2780 596 2813 ambules
621 2783 779 2823 pecunia,
802 2784 956 2817 Fortuna

711 227 853 260 NOTAE
887 227 1151 260 vammum
1185 230 1237 260 IN

999 331 1065 354 non
1081 327 1192 354 mutat
1208 322 1340 363 genus?
1360 323 1504 356 Torrent-

1043 376 1082 405 ll
1106 374 1252 415 Minora]
1276 372 1454 406 Inferiore.

1043 426 1083 457 12
1111 424 1273 456 Miramur
1299 424 1327 455 si
1355 422 1550 465 Democriti]
1582 423 1698 466 Negat

998 477 1181 516 tantopere
1196 474 1231 506 in
1244 474 1449 507 Democrito
1465 473 1698 507 admirandum

999 533 1073 556 esse
1102 524 1226 556 ardens
1254 524 1338 556 illud
1368 524 1597 566 Philosophiae
1627 530 1699 557 stu·
1728 559 1733 564 ,

998 574 1112 614 dium3
1144 575 1199 607 cui
1229 579 1268 607 ut
1303 574 1446 607 liberius
1480 579 1635 615 vacaret,
1662 581 1700 608 et

999 624 1105 656 oculis
1135 634 1172 656 se
1201 624 1364 666 privavit,
1393 630 1431 657 et
1461 625 1698 667 patrimonium

998 674 1163 715 neglexit,
1184 679 1221 707 et
1242 684 1341 717 agros
1363 675 1509 707 incultos
1526 675 1700 715 deseruit;

1000 728 1181 766 postquam
1193 729 1352 766 repertus
1364 724 1409 756 sit
1417 723 1518 764 Itius,
1528 724 1599 766 qui,
1607 724 1699 766 quod

999 773 1107 805 multo
1129 774 1329 815 praeclarius
1352 778 1418 815 est,
1438 783 1504 806 nec
1526 774 1576 806 rei
1603 773 1700 806 fanti·

999 823 1091 855 liaris
1111 833 1228 855 curam
1253 824 1406 866 abjiciat,
1426 829 1463 857 et
1484 825 1557 866 pari
1586 829 1700 857 tamen

1001 873 1124 906 ardore
1153 874 1408 917 Philosophiam
1433 879 1604 916 capessat.
1630 883 1700 916 qna

1000 923 1158 966 equidem
1195 924 1299 957 rideri
1337 924 1442 957 Itium
1483 923 1700 956 crediderim.

1002 976 1147 1008 Torrent-
1199 973 1376 1019 Miramur]
1411 976 1576 1019 Nuuquid
1601 976 1702 1008 mira·

1000 1027 1096 1058 mur?

1045 1078 1085 1109 18
1105 1077 1272 1119 canaque]
1287 1077 1383 1110 Rura
1399 1077 1501 1120 illius.
1530 1077 1619 1109 Dum
1629 1084 1703 1117 per-

1001 1127 1091 1168 egre]
1115 1127 1157 1159 1u
1182 1137 1298 1160 rerum
1321 1134 1522 1169 magnarum
1550 1131 1704 1169 contem-

1002 1178 1155 1219 platione
1170 1182 1371 1220 occupatus.
1408 1177 1523 1219 Velox]
1539 1176 1633 1209 Nihil
1648 1180 1704 1208 est

1002 1227 1211 1268 cogitatione
1227 1228 1390 1260 velocius.

1046 1279 1087 1309 14
1113 1278 1203 1309 Inter
1216 1278 1348 1309 scabiem
1371 1277 1508 1318 tantam]
1531 1275 1629 1308 Inter
1644 1280 1705 1316 pe·

1000 1327 1111 1358 cuniae
1130 1326 1292 1368 studium,
1311 1326 1409 1368 cujus
1429 1331 1612 1359 contactus
1634 1335 1703 1357 nnn

1001 1377 1112 1409 minus
1131 1386 1232 1419 quam
1254 1377 1390 1410 scabies
1412 1376 1547 1410 mordet
1568 1386 1609 1408 ac
1631 1385 1703 1408 ser-

1001 1426 1067 1468 pit.

1046 1481 1085 1510 15
1109 1478 1281 1521 Sublimia]
1310 1479 1377 1511 Res
1394 1478 1531 1511 arduas.

1047 1531 1088 1561 16
1114 1529 1207 1561 Mare
1235 1529 1446 1571 compescant]
1470 1530 1526 1562 Ne
1552 1526 1706 1560 effunda-

1003 1582 1060 1611 tur
1088 1580 1192 1612 latius
1218 1586 1256 1612 et
1285 1584 1396 1612 terras
1426 1580 1562 1613 obruat.
1618 1580 1706 1616 Quid

1002 1633 1149 1672 temperet
1170 1631 1302 1673 annum]
1327 1631 1415 1665 Quae
1433 1635 1488 1662 res
1504 1637 1627 1669 aunum
1644 1638 1706 1671 gu-

1003 1679 1140 1721 bernet,
1175 1686 1216 1713 ut
1247 1690 1309 1723 per
1336 1684 1484 1722 quatuor
1514 1685 1704 1721 temporum

1003 1731 1288 1763 commutationes
1303 1735 1401 1763 certo
1413 1729 1511 1762 fluat.

1048 1783 1088 1812 17
1110 1780 1270 1822 Jussoene']
1290 1780 1444 1822 Allcujns
1462 1779 1575 1821 jussu.

1049 1833 1091 1862 18
1116 1831 1203 1868 Quid
1221 1830 1360 1872 premat]
1383 1831 1470 1864 Quae
1493 1839 1613 1861 cattssa
1639 1830 1707 1861 Lu-

1004 1891 1082 1912 nam
1112 1882 1250 1917 condat,
1281 1881 1336 1911 vel
1366 1882 1492 1912 claram
1522 1879 1640 1920 faciat,
1669 1883 1708 1911 et

1003 1931 1154 1972 plenam.

1049 1982 1090 2011 19
1114 1980 1231 2011 Rerum
1257 1979 1421 2010 concordia
1445 1974 1580 2019 discors]
1596 1978 1707 2009 Simili

1003 2029 1115 2071 figura
1137 2029 1269 2062 dictum
1292 2030 1325 2061 in
1352 2030 1461 2070 Epist·
1477 2029 1520 2061 ad
1542 2029 1705 2061 Pisones:

1005 2080 1015 2097 ‘
1033 2079 1081 2111 Ut
1107 2084 1220 2121 gratas
1241 2079 1332 2111 inter
1354 2089 1487 2111 mensas
1504 2079 1708 2121 symphonia

1004 2129 1156 2162 discors?
1179 2130 1321 2162 Torrent-
1376 2130 1551 2162 Concordia
1570 2128 1706 2169 discors]

1004 2180 1155 2212 Mundus
1171 2179 1327 2221 inferior,
1342 2180 1399 2223 qui
1411 2183 1548 2212 constat
1562 2189 1606 2212 ex
1623 2189 1706 2222 qua-

1006 2236 1084 2263 tuor
1100 2231 1279 2263 elementis
1302 2233 1392 2262 inter
1407 2241 1443 2262 se
1459 2230 1706 2273 pugnantibus.

1047 2283 1090 2312 2⁰
1115 2279 1331 2321 Empedocles]
1353 2280 1466 2314 Quum
1489 2286 1526 2312 tu
1542 2279 1632 2311 scire
1646 2288 1705 2311 cu·

1005 2340 1060 2362 res
1082 2335 1196 2362 utrum
1209 2330 1436 2371 Empedocles
1459 2338 1501 2361 an
1521 2329 1707 2361 Stertinius

1005 2380 1142 2412 deliret.
1198 2380 1388 2412 Stertinium
1420 2380 1532 2412 deliret
1565 2378 1707 2419 acumen]

1005 2431 1062 2462 lta
1078 2435 1114 2462 et
1130 2431 1234 2462 nostri
1251 2430 1400 2470 codices,
1412 2439 1479 2462 uon
1492 2428 1654 2468 Stet-linit,
1667 2433 1706 2460 ut

1006 2484 1086 2512 ante
1103 2479 1295 2521 legebatur.
1329 2479 1396 2511 Hic
1412 2484 1524 2511 autem
1539 2478 1598 2510 ille
1610 2478 1706 2510 Ster-

1006 2530 1111 2562 tinius
1125 2529 1317 2571 sapientum
1333 2533 1488 2570 octavus,
1510 2527 1554 2560 de
1575 2537 1642 2570 quo
1662 2536 1705 2560 n.

1005 2581 1078 2612 Sat.
1094 2583 1127 2613 3.
1171 2582 1225 2612 De
1237 2579 1448 2620 Empedocle
1464 2587 1545 2611 vero
1559 2578 1640 2610 nihil
1654 2582 1704 2609 at-

1005 2631 1094 2663 tinet
1109 2631 1240 2670 dicere,
1255 2630 1322 2662 nisi
1342 2629 1432 2672 quod
1447 2639 1524 2661 eum
1538 2627 1705 2676 Stertinio

1005 2689 1207 2722 comparans
1241 2680 1418 2720 Horatius,
1447 2688 1516 2711 uon
1539 2677 1704 2710 eruditio-

1006 2741 1081 2763 nem
1097 2732 1171 2772 ejus
1186 2734 1288 2772 atque
1304 2730 1488 2772 ingenium,
1503 2739 1580 2771 quae
1598 2729 1630 2760 in
1647 2727 1704 2759 illo

1007 2782 1079 2814 viro
1102 2790 1233 2814 summa
1251 2780 1361 2823 fuere,
1380 2780 1441 2813 sed
1464 2780 1593 2813 exitum
1615 2777 1703 2809 deri·
