1858 3184
244 226 358 270 1886

242 339 297 363 nte
320 330 410 364 inter
430 341 467 364 se
490 331 524 364 in
547 331 727 374 proscenio
749 332 942 374 loquantur,

242 381 328 412 licet
342 381 506 422 integram
523 381 692 414 interdum
707 391 844 413 scenam
864 391 942 422 per-

242 440 326 462 sona
354 431 454 463 unica
483 434 573 473 agat.
603 431 760 462 Nunnius.
803 431 944 462 Alternis

242 483 351 520 uptam
358 481 559 521 sermonibus]
574 481 793 513 Sermonibns
805 481 943 512 mutuis.

243 530 291 561 Ee
313 531 490 571 populureis
509 531 690 562 Vincentem
707 531 870 572 strepitus]
895 530 942 562 A·

242 589 348 611 eron:
380 581 391 597 ‘
409 579 522 611 Altius
559 583 734 611 sonantem
765 581 799 612 iu
828 590 943 620 scena,

242 639 343 670 quarn
372 629 501 660 clamor
530 629 670 671 populi?
714 630 793 668 Vel,
819 635 858 663 ut
884 631 943 663 alii

244 679 432 720 explicam,
458 679 547 721 quod
577 680 740 721 populum
772 689 892 722 resque
923 691 944 712 a

243 730 374 770 populo
403 734 518 770 gestas
546 731 764 762 commendet
792 730 943 762 Iambus.

243 779 311 811 Alii
323 780 608 821 interpretantur,
619 781 709 822 quod
722 790 782 821 pes
793 780 850 811 hic
859 786 943 812 stre·

243 829 336 870 pitus
362 829 396 861 in
422 830 559 862 theatro
589 831 758 862 excitatos
792 835 942 871 superet.

242 879 483 913 Turn-mma
507 881 665 912 Nunnius.
707 881 754 912 Et
764 881 941 921 populures]

242 931 359 964 Altius
378 937 553 964 sonantem
578 934 609 963 in
630 942 744 968 scena,
758 942 860 974 quam
875 933 942 963 cla—

243 993 369 1015 morem
394 984 511 1026 populi
535 984 685 1016 versibus
708 984 861 1015 iambicis
884 982 942 1015 de-

243 1034 376 1066 lectati.
934 1062 937 1063 γ

286 1086 329 1115 82
353 1084 475 1115 Natum
482 1084 573 1115 rebus
581 1084 728 1124 agendis]
749 1082 944 1114 Habentem

243 1132 471 1173 aptitudinem
507 1134 699 1165 naturalem
737 1133 780 1164 ad
813 1131 944 1164 fabulas

243 1181 407 1223 agendas.

287 1234 328 1262 83
354 1232 447 1264 Musa
461 1232 549 1264 dedit
560 1233 698 1275 fidibus]
720 1231 947 1274 Persequitur

242 1280 291 1319 id,
305 1282 396 1322 quod
412 1287 493 1314 ante
514 1283 712 1324 incoeperat,
729 1283 866 1323 singulis
882 1283 945 1315 sci-

242 1330 326 1362 licet
346 1331 497 1362 materiis
523 1341 584 1363 sua
607 1332 792 1363 carminum
819 1342 946 1373 genera

242 1381 447 1413 convenire:
470 1390 672 1422 quamquam
687 1381 741 1412 lex
755 1381 832 1422 ista,
844 1391 944 1422 quam

242 1429 298 1461 bic
321 1429 516 1471 praescribit
540 1430 718 1469 Horatius,
734 1439 798 1460 non
818 1430 944 1471 ubique

242 1478 455 1511 observetur.
490 1479 649 1511 Nunnius.
692 1479 772 1510 Vid.
794 1479 942 1510 Turneb.

242 1537 269 1560 1.
280 1532 313 1561 4.
327 1534 364 1560 et
380 1538 474 1561 xxx.
490 1531 524 1561 7.
569 1529 702 1561 Fidibus
714 1527 816 1568 divos]
830 1528 944 1559 Versi-

243 1578 307 1611 bus
339 1579 466 1620 lyricis.
514 1579 628 1620 Divos]
673 1580 795 1610 Recte.
846 1578 945 1609 Tales

242 1634 340 1661 certe
355 1629 499 1671 hymnos
515 1629 679 1660 Horatius
693 1628 899 1669 conscripsit
912 1629 946 1659 in

243 1679 430 1716 Venerem,
447 1679 482 1709 in
504 1678 712 1717 Minervam,
730 1677 948 1718 Cupidinem,

243 1729 396 1770 aliosque
413 1728 506 1759 Deos
523 1728 693 1768 Deasque.
728 1726 851 1757 Pueros
861 1726 945 1757 Deo-

242 1780 327 1821 rum]
350 1781 468 1811 Παῖδας
479 1781 544 1811 τῶν
555 1781 643 1811 θεῶν.
668 1778 825 1810 Nunnius.
861 1778 945 1809 Pue-

241 1841 353 1872 rosque
375 1830 528 1871 Deorum]
551 1830 702 1862 Deorum
718 1828 816 1869 filios,
832 1828 866 1859 id
881 1832 948 1869 est,

245 1880 381 1912 heroas.

286 1932 329 1961 84
351 1930 401 1959 Et
421 1929 559 1969 pugilem
571 1927 736 1967 victorem]
760 1927 838 1959 Hoc
862 1926 947 1958 fecit

244 1978 428 2013 Pindarus,
449 1987 576 2018 cycnus
592 1977 648 2008 ille
669 1976 869 2015 Poetarum,
890 1977 947 2017 qui

244 2033 338 2060 totus
362 2032 415 2059 est
434 2028 468 2058 in
495 2025 711 2059 celebrandis
735 2025 946 2067 Olympioni-

245 2078 293 2110 cis
310 2078 452 2119 aliisque
467 2077 570 2108 sacris
585 2076 839 2107 certaminibus.
856 2075 947 2107 Nun-

244 2130 327 2160 nius.
370 2126 539 2167 Intelligit
554 2134 636 2165 ergo
659 2134 730 2164 eos,
749 2125 805 2165 qui
822 2125 855 2156 in
871 2134 946 2156 cer·

244 2177 429 2210 taminibus
445 2176 637 2217 Olympicis
651 2176 811 2206 Victores
823 2175 945 2207 evade-

244 2228 340 2261 bant.
386 2227 455 2259 Alii
486 2228 662 2259 castorem
693 2230 730 2257 et
758 2225 945 2257 Pollucem.

246 2279 257 2297 ‘
272 2279 392 2310 Dicam
408 2282 446 2310 et
461 2275 602 2308 Alciden
620 2284 808 2317 puerosque
832 2274 947 2314 Ledae,

246 2329 351 2361 Hunc
377 2328 487 2369 equis,
514 2327 610 2358 illum
636 2335 797 2366 superare
824 2326 947 2366 pugnis

246 2377 431 2411 Nobilem!
468 2378 510 2409 Et
525 2376 660 2418 pugilem
669 2375 832 2416 victorem]
855 2375 946 2416 Pug-

246 2431 298 2462 nis
315 2435 352 2461 et
365 2428 518 2461 manibus
530 2436 658 2461 acrem.
702 2427 748 2457 Et
758 2436 867 2466 equum
881 2435 946 2457 cer·

247 2480 380 2521 tamine]
425 2480 572 2521 Equum,
608 2477 666 2519 qui
713 2485 812 2508 cursu
850 2475 945 2507 vicit.

248 2532 373 2571 Equum
387 2530 555 2562 certamine
574 2527 727 2569 primum]
751 2526 837 2568 Equi
861 2535 947 2567 prae-

249 2580 348 2619 cipue
366 2579 520 2620 Epirotae
538 2577 802 2619 expetebantur,
816 2574 858 2606 de
873 2575 947 2616 qui-

248 2627 313 2658 bus
341 2628 387 2659 ita
403 2629 586 2669 Virgilius:
610 2629 619 2645 ‘
638 2626 795 2659 Eliadum
817 2626 947 2667 palmas

250 2677 372 2719 Epiros
403 2679 588 2719 equarum!
637 2678 678 2714 In
709 2678 950 2711 sacr-incerta-

249 2727 393 2759 minibus
404 2737 506 2768 equos
518 2738 633 2759 omnes
648 2726 720 2759 fere
735 2727 850 2759 Graeci
867 2727 948 2758 edu·

249 2776 374 2809 cabant
404 2777 445 2808 ad
472 2778 672 2810 vincendum
697 2779 750 2809 vel
769 2778 803 2809 in
831 2777 948 2820 olym-

706 239 848 271 NOTAE
881 238 1147 270 VAmoRUM
1183 238 1235 269 ΙΝ

996 331 1060 373 piis
1073 332 1126 363 vel
1142 331 1304 364 Istlirniis.
1349 332 1476 364 Cursus
1490 335 1601 364 autem
1615 337 1690 365 erat

995 382 1136 422 duplex,
1149 385 1206 412 ant
1221 380 1358 417 curulis,
1370 380 1504 423 quando
1520 390 1690 415 cun-uve-

995 431 1141 463 hebatur
1165 431 1286 467 victor,
1312 436 1372 464 unt
1396 441 1472 464 curn
1499 441 1588 473 equo
1607 441 1692 463 unus

996 480 1178 520 insidebat,
1215 490 1360 523 eumque
1397 481 1562 522 agitabat,
1593 490 1692 523 quem

995 530 1005 547 ‘
1022 531 1184 562 celetem'
1200 532 1378 564 vocabant.
1403 532 1561 564 Nunnius.

1037 585 1078 612 85
1096 582 1139 612 Et
1146 581 1295 620 Juvenum
1310 582 1417 624 curus]
1440 583 1539 623 Nam,
1550 587 1588 614 ut
1604 582 1694 614 Nun
1726 578 1732 583 ’

996 632 1057 672 ait,
1082 633 1092 650 ‘
1107 632 1175 664 Res
1198 638 1250 665 est
1274 634 1411 666 solliciti
1437 635 1540 675 plena
1565 634 1694 665 timoris

997 683 1114 715 amor?
1158 683 1350 725 Numquam
1368 684 1493 716 desunt
1507 694 1612 723 curoe,
1636 684 1694 715 ubi

996 742 1062 764 non
1086 732 1186 765 deest
1211 743 1315 765 amor.
1338 735 1450 766 Numi.
1495 733 1611 774 Cui-us]
1632 734 1695 767 Ju-

987 783 1118 815 'venum
1135 793 1278 816 amores.
1311 786 1356 816 Et
1370 785 1467 816 libera
1478 785 1550 816 sinu
1565 784 1695 824 referre,

995 832 1064 874 gc]
1086 834 1276 875 Symposia,
1289 835 1323 866 in
1337 835 1460 877 quibus
1474 834 1559 867 ebrii
1573 839 1695 875 operta

998 884 1179 915 recludunt
1194 884 1314 917 libere.

1038 937 1081 965 86
1099 934 1286 974 Descriptus
1300 944 1425 966 servare
1437 935 1534 976 vices]
1559 935 1695 968 Nonum

997 991 1220 1024 praeceptum,
1236 984 1278 1015 de
1293 985 1417 1016 decoro
1432 985 1647 1017 observando
1662 985 1695 1016 in

996 1033 1138 1065 diversis
1154 1035 1348 1074 sententiis,
1374 1044 1415 1066 ac
1431 1034 1612 1067 affectibus
1627 1045 1697 1066 ser-

999 1093 1097 1115 mone
1113 1088 1149 1115 et
1165 1089 1266 1124 gestu
1282 1084 1582 1124 representandis.
1618 1084 1696 1116 noc

1000 1139 1212 1174 praeceptum
1238 1133 1385 1178 illustrat
1406 1130 1564 1174 exemplo
1587 1142 1697 1164 rernm

999 1183 1214 1215 Comicarum
1229 1187 1264 1215 et
1277 1183 1511 1224 Trugicarum,
1527 1183 1624 1225 eique
1639 1193 1698 1214 ex·

999 1234 1113 1274 emplo
1139 1233 1237 1265 addit
1261 1233 1512 1274 exceptionem.
1537 1234 1698 1266 Piscator.

998 1283 1185 1324 Descriptus
1197 1293 1322 1315 servare
1340 1284 1435 1324 vices]
1470 1284 1553 1324 Cur,
1573 1285 1697 1326 inquit,

998 1333 1118 1364 Poetae
1134 1333 1214 1364 mihi
1230 1332 1372 1364 offertur
1384 1343 1516 1370 nornen,
1529 1334 1556 1364 si
1573 1332 1698 1371 officia,

1000 1383 1026 1412 si
1051 1383 1196 1418 indoles,
1222 1383 1251 1413 si
1278 1383 1459 1422 qualitates
1485 1383 1696 1423 singulorum

999 1431 1194 1472 poe'matum
1211 1432 1301 1463 tueri
1323 1433 1511 1473 nequeam?
1537 1433 1696 1464 Nunnius.

997 1481 1183 1521 Descriptus
1191 1490 1316 1512 sev-oure
1324 1481 1421 1522 vices]
1436 1482 1519 1513 Snas
1532 1483 1697 1524 cujusque

998 1531 1165 1571 poematis
1185 1535 1300 1572 partes
1315 1541 1465 1564 servare.
1505 1532 1699 1573 operumque

998 1580 1128 1621 colores]
1151 1580 1364 1621 Multiplices
1380 1580 1573 1622 poiimatum
1590 1582 1697 1612 varie·

1001 1635 1100 1672 tates,
1108 1636 1243 1673 quae,nt
1255 1640 1309 1663 res
1321 1631 1437 1672 piem,
1450 1630 1618 1663 coloribus
1629 1630 1697 1661 dis-

1000 1681 1212 1721 tinguuntur.

1041 1733 1082 1762 87
1109 1731 1175 1762 Cur
1196 1740 1253 1770 ego
1274 1730 1304 1762 si
1325 1732 1455 1773 nequeo]
1483 1731 1553 1763 Cur
1575 1730 1697 1762 Poetae

999 1788 1125 1811 nomen
1140 1780 1221 1811 mihi
1232 1780 1415 1812 adscisco?
1450 1781 1550 1813 Po‘e'tu
1563 1781 1696 1821 sulutor]

999 1829 1129 1860 Salutat·
1141 1829 1230 1860 idem
1246 1829 1336 1871 qnod
1352 1830 1519 1871 appellor,
1530 1829 1698 1863 efficacius

1002 1885 1117 1911 tamen
1142 1889 1243 1921 quam
1269 1880 1435 1920 nominor,
1459 1885 1498 1912 ut
1521 1884 1531 1898 ⁸
1548 1881 1698 1911 sainture

1001 1929 1146 1969 aliquem
1161 1930 1355 1968 Consulem,
1369 1930 1552 1971 Caesnrem,
1579 1930 1700 1962 Ponti-

1001 1977 1097 2008 ficem
1110 1977 1130 2006 :’
1148 1978 1181 2008 in
1197 1978 1319 2018 quibus
1335 1979 1474 2010 vocibus
1487 1980 1536 2011 vis
1546 1985 1599 2011 est
1609 1989 1700 2021 quae·

1000 2027 1077 2058 dam
1096 2027 1245 2058 creandi.
1270 2028 1428 2061 Nunnius.

1042 2078 1084 2106 88
1110 2076 1176 2107 Cur
1198 2076 1328 2115 nescire,
1343 2079 1463 2118 pudens
1471 2078 1583 2120 prote]
1609 2078 1697 2111 Nar-

1002 2130 1055 2156 rat
1082 2134 1186 2166 prave
1211 2126 1374 2167 quosdam
1401 2128 1614 2167 erubescere,
1639 2130 1698 2170 qui

1001 2176 1114 2215 posita
1159 2176 1364 2207 verecundia
1397 2176 1530 2209 discere
1566 2178 1697 2218 nolunt.

999 2225 1116 2265 Turpe
1143 2225 1312 2266 ignorare,
1341 2231 1378 2257 at
1407 2227 1540 2267 turpius
1564 2227 1696 2259 discere

999 2277 1103 2310 nolle.
1118 2277 1275 2307 Nunnius.
1322 2278 1389 2308 Cur
1399 2278 1529 2318 nescire,
1542 2279 1610 2319 fisa]
1627 2279 1696 2310 Cur

999 2335 1104 2367 prave
1120 2325 1264 2367 pudens,
1274 2325 1308 2358 id
1321 2332 1388 2366 est,
1400 2327 1548 2366 turpiter
1559 2332 1594 2358 et
1611 2336 1697 2368 pra»-

1001 2381 1137 2417 postere
1173 2376 1396 2417 verecundus,
1431 2377 1520 2408 malo
1552 2377 1698 2415 nescire,

1001 2435 1102 2467 quam
1117 2425 1275 2457 discere?
1392 2453 1396 2458 ,

1043 2479 1087 2508 89
1112 2475 1261 2509 Versibus
1283 2475 1396 2516 exponi
1419 2475 1562 2515 stugicis
1582 2485 1634 2507 res
1646 2486 1697 2507 co·

999 2527 1082 2559 mica
1095 2537 1155 2558 non
1166 2526 1248 2567 vult]
1262 2526 1434 2560 Quaelibet
1442 2526 1593 2558 carmina
1601 2536 1695 2558 snum

1001 2577 1290 2613 materiam,snam
1298 2576 1423 2609 babent
1432 2575 1592 2608 indolem.
1607 2576 1696 2608 Num

1002 2636 1056 2657 res
1072 2627 1209 2658 Comica
1223 2625 1378 2667 Tragicis
1401 2626 1527 2666 exponi
1551 2625 1694 2666 pedibus

1001 2677 1131 2718 nequit.
1163 2675 1348 2707 Comoediae
1363 2679 1476 2707 autem
1489 2684 1604 2707 versus
1618 2681 1696 2707 sunt

1002 2727 1197 2768 populares,
1212 2726 1246 2757 in
1261 2725 1383 2767 quibus
1397 2725 1509 2756 omnis
1524 2724 1567 2757 sd
1582 2724 1695 2756 simili-

1002 2776 1152 2809 tudinem
1162 2773 1404 2818 colloquiorum
1412 2774 1624 2808 familiarium
1633 2772 1693 2806 tiu-
