1858 3184
255 227 367 272 1822

255 331 394 364 verbum
430 331 440 348 ‘
459 331 665 372 respondere
682 332 690 346 '
725 332 815 373 apud
848 332 952 364 ullum

255 383 378 415 bonum
406 387 593 421 auctorem,
620 383 709 424 quod
740 384 858 419 sciam,
889 392 952 424 pro

255 433 266 451 ⁴
279 432 447 473 spondere
458 430 467 444 '
484 437 542 464 aut
568 431 755 474 fidejubere
772 433 951 474 accipitur.

255 481 366 514 Paulo
403 481 524 513 melius
555 491 636 522 ergo
673 482 742 522 alii,
772 483 953 514 immutata

257 531 408 563 nonnihil
424 532 606 571 scriptura,
619 532 737 563 eodem
748 536 861 565 tamen
876 543 952 564 sen-

254 591 293 614 su
307 582 426 622 legunt
449 581 519 616 Quo
530 590 579 612 res
594 591 748 622 sponsore.
787 583 854 615 Sed
877 593 950 615 eam

254 636 367 663 tamen
381 640 444 672 ego
458 631 640 663 lectionem
656 641 819 674 nusquam
836 633 950 665 hacte-

253 691 316 713 nus
345 681 495 722 repperi.
551 681 658 713 Porro
685 692 762 714 cum
787 684 950 724 ‘respon-

254 730 379 762 dendi’
402 732 603 763 vocabulum
630 733 770 773 proprie
804 732 847 763 de
871 742 951 764 con·

255 781 351 813 sultis
364 780 511 817 dicatur,
527 786 565 813 ut
585 791 653 814 non
670 792 736 814 uuo
760 783 795 815 in
821 783 951 814 Sermo·

257 832 358 864 nibus
377 833 453 864 loco
485 832 652 873 vidimus3
687 833 778 865 uude
810 838 846 865 et
876 835 953 866 ‘re-

254 892 380 923 sponsa
403 882 631 923 prudentum’
658 884 846 924 appellata,
876 893 951 925 quae

253 932 363 964 instar
389 932 500 972 legum
531 937 655 972 erant3
686 933 769 964 nihil
795 933 951 974 equidem

253 981 388 1022 dubito,
401 982 480 1023 quin
494 987 504 1001 ‘
516 992 753 1023 responsorem
763 983 772 997 '
796 993 857 1023 pro
872 993 953 1015 con-

253 1032 344 1064 sulto
358 1032 486 1064 dixerit
498 1032 674 1073 Horatius,
682 1042 770 1065 nove
780 1031 951 1067 fortassis.

255 1082 315 1113 sed
332 1082 381 1113 illi
396 1080 572 1123 frequens,
599 1086 636 1113 et
662 1086 758 1115 certe
781 1091 848 1114 uon
875 1082 952 1114 bar-

254 1132 357 1171 bare;
396 1137 580 1172 postquam
609 1132 750 1163 verbum
787 1132 797 1149 ‘
814 1141 952 1172 respon-

254 1181 338 1213 dere
355 1180 364 1195 '
388 1181 435 1212 sic
453 1181 632 1222 accipitur.
674 1183 684 1199 ‘
700 1180 825 1212 Teneri
839 1181 848 1195 ⁹
870 1191 954 1222 quo-

255 1240 324 1272 que
363 1230 373 1248 ⁴
386 1230 541 1262 caussas'
573 1230 661 1262 dicit
701 1239 762 1271 pro
791 1230 959 1270 obtineri,

255 1280 347 1321 quod
362 1279 578 1321 frequentius
593 1285 658 1312 est.
675 1280 765 1311 Torr.
820 1281 890 1316 Quo
904 1291 954 1312 re-

255 1339 410 1370 sponsore,
422 1329 493 1370 5⁶⁶³]
514 1330 591 1362 Quo
610 1330 857 1362 Jurisconsulto
873 1340 953 1362 con-

256 1379 367 1411 silium
388 1380 507 1420 dante,
520 1384 556 1411 et
571 1388 638 1421 quo
654 1383 744 1411 teste
765 1389 878 1411 causae
896 1379 953 1411 ob·

255 1431 421 1462 tinentur.
822 1453 831 1463 .

298 1484 341 1513 44
365 1481 428 1513 Sed
440 1481 541 1522 videt]
565 1479 632 1512 Sed
650 1480 725 1520 iste,
740 1479 863 1521 inquit,
877 1482 954 1510 tuus

257 1531 312 1563 vir
324 1531 445 1571 bouus,
461 1535 515 1562 tot
527 1530 718 1562 nominibus
738 1529 954 1562 commenda—

256 1585 326 1621 tus,
341 1581 369 1612 si
384 1579 511 1622 fucum,
526 1581 554 1611 si
577 1590 757 1622 personam
773 1579 956 1619 detrahas3

257 1630 285 1662 si
295 1630 515 1671 domesticos,
527 1631 555 1662 si
567 1630 774 1672 vicinos,qui
786 1639 862 1662 eum
880 1638 955 1669 pro-

256 1680 334 1720 pius
361 1685 496 1720 norunt,
523 1690 586 1722 pro
611 1680 806 1712 testimonio
833 1688 954 1719 voces;

256 1731 358 1770 longe
373 1730 459 1761 alius
471 1735 525 1762 est
537 1739 636 1770 quam
653 1730 797 1761 simulat.
830 1729 957 1761 Osten-

257 1781 313 1813 dit
336 1790 418 1821 ergo
446 1781 617 1813 neminem
641 1790 684 1812 ex
706 1780 799 1820 vulgi
822 1787 958 1810 rumore

251 1830 488 1871 judicandum.
515 1831 659 1863 Torrent.

298 1883 340 1911 45
356 1880 536 1920 Speciosam
548 1880 642 1920 pelle]
660 1880 884 1911 Extrinsecus
900 1880 959 1910 bo-

260 1939 340 1961 num
355 1929 492 1960 virtutis
504 1929 730 1961 simulatione.

300 1983 343 2012 46
367 1980 437 2010 Nec
463 1979 590 2018 sursum
605 1977 690 2020 feci]
714 1977 826 2008 Aliam
855 1975 959 2007 docet

259 2032 465 2071 cautionem,
492 2039 536 2062 ne
572 2031 606 2061 in
639 2028 830 2070 judicando
856 2026 957 2058 facile

257 2082 482 2115 aberremus:
504 2089 613 2122 neque
641 2079 728 2111 enim
755 2078 812 2119 qui
842 2077 957 2108 servili

258 2140 353 2164 more
370 2140 545 2173 poenarum
570 2134 663 2161 metu
688 2138 708 2160 a
733 2133 876 2169 peccato
900 2126 957 2157 ab·

258 2183 378 2223 stinet‚
397 2181 457 2214 sed
472 2181 530 2223 qui
545 2181 707 2212 virtutem
734 2188 848 2210 amans
871 2178 957 2208 mala

257 2233 359 2273 vitat,
383 2231 472 2264 bona
493 2230 721 2272 persequitur,
742 2229 795 2260 liic
812 2228 868 2259 ille
892 2232 957 2267 est,

261 2292 362 2326 quem
374 2281 556 2324 quaerimus
573 2285 608 2312 et
622 2284 789 2321 optamus.
814 2278 956 2309 Tor-rent.

301 2335 344 2366 4⁷
371 2333 493 2369 Uteris,
508 2331 573 2373 aio]
600 2331 677 2363 Non
693 2329 850 2361 caederls.

302 2385 346 2416 48
369 2382 445 2414 Nou
465 2382 616 2421 hominem
629 2379 744 2420 occidi]
765 2380 890 2411 Servus
907 2377 958 2409 di-

261 2437 333 2473 eat,
348 2431 442 2470 Non,
456 2434 522 2464 ἀς.
566 2432 640 2463 Non
660 2430 782 2472 pasces]
806 2430 958 2469 Respon-

262 2484 324 2515 det
339 2483 513 2515 Horatius.

306 2536 349 2564 49
387 2533 464 2564 Sum
493 2531 603 2572 bonus]
639 2531 762 2563 Servus
798 2529 960 2572 loquitur.

265 2581 422 2622 Sabellus]
461 2582 585 2613 Sabelli
614 2581 748 2613 nomine
777 2580 959 2612 Horatium

263 2632 379 2674 patria
400 2632 610 2664 venusinum
627 2632 823 2673 intelligunt
839 2631 961 2663 Gram-

264 2681 393 2714 matici.
427 2681 492 2712 Sed
505 2682 589 2713 dure
605 2682 752 2717 nimiset
766 2680 961 2714 infeliciter.

267 2732 341 2773 Ego
357 2730 478 2770 Ofelli,
492 2731 534 2761 de
549 2741 614 2772 qno
628 2731 701 2763 Sat.
717 2741 757 2763 ιι.
779 2732 790 2749 ‘
802 2729 960 2763 Anormis

265 2782 400 2823 sapiens
422 2790 602 2822 crassaque
627 2781 805 2817 Minerva,’
819 2782 961 2813 similem

719 237 858 269 NOTAE
893 236 1159 270 VARIORUM
1191 238 1244 270 IN

1005 332 1095 364 hune
1120 332 1293 365 Sabellum
1308 331 1413 365 fuisse
1427 331 1642 377 crediderim,
1655 344 1699 367 π-

1005 386 1078 414 tate
1093 382 1152 414 illa
1177 391 1278 424 quam
1304 386 1422 414 nostra
1445 383 1621 416 notiorem.
1657 385 1700 417 In

1005 432 1137 464 duobus
1172 433 1276 464 etiam
1317 431 1494 466 codicibus
1518 433 1634 465 inveni
1653 442 1701 466 us·

1004 482 1075 513 nuit
1098 485 1253 522 negatque
1282 481 1450 520 Sabellum
1479 486 1519 515 nt
1546 481 1700 516 fortassis

1004 532 1166 572 renuitque
1179 535 1334 572 negatque
1348 532 1530 572 legendum
1547 533 1614 572 sit;
1631 534 1702 574 aut,
1734 567 1740 572 ,

1002 581 1107 621 renuit
1121 582 1316 622 negitatque,
1334 581 1423 622 quod
1438 581 1608 614 nonnullis
1629 582 1702 623 pla·

1003 640 1082 662 cere
1096 630 1208 662 video.
1236 632 1378 663 Torreat.
1415 630 1572 673 Sabellus]
1593 632 1701 664 Hora-
1724 644 1729 649 ’

1003 680 1072 712 tius
1097 680 1131 711 in
1156 690 1236 721 agro
1252 690 1312 712 suo
1326 681 1452 713 Sabino
1467 682 1629 719 existens,
1644 691 1703 713 ne-

1004 735 1063 772 gat
1077 734 1111 762 te
1128 740 1203 762 esse
1217 730 1354 771 bonum,
1365 731 1453 773 quod
1471 741 1581 773 poenae
1597 737 1702 769 metu,

1005 789 1069 811 non
1086 780 1222 813 virtutis
1239 791 1352 813 amore
1370 781 1577 814 abstinueris
1598 791 1618 814 a
1634 792 1702 814 ma-

1004 829 1131 862 leficio.
1438 852 1445 859 .

1061 883 1103 912 50
1140 881 1260 913 Metuit
1285 881 1428 922 foueam]
1478 882 1624 914 Devitat
1651 881 1702 914 fo-

1005 939 1116 963 veum.

1053 983 1093 1012 51
1128 982 1280 1022 Opertum
1306 981 1432 1014 milvius
1457 981 1598 1023 Ιιωιιιιηι]
1634 983 1703 1016 Oe-

1004 1031 1130 1064 cultum
1161 1032 1318 1064 hamum:
1341 1041 1426 1063 ,ιιοιι
1457 1031 1619 1064 desinunt
1653 1037 1703 1065 ta-

1004 1090 1083 1112 men
1111 1081 1164 1113 hae
1192 1081 1278 1113 ferae
1307 1090 1453 1126 rapaces
1478 1091 1566 1119 esse.
1581 1083 1632 1114 sic
1654 1088 1704 1114 tu.

1005 1130 1154 1172 Milvius]
1166 1131 1285 1163 Milvus
1298 1131 1427 1162 babent
1436 1131 1706 1164 emendatissimi

1007 1181 1155 1214 codices.
1199 1183 1327 1214 Pulcre
1343 1186 1459 1214 antem
1482 1182 1566 1224 lupi,
1579 1183 1705 1224 accipi-

1007 1231 1082 1272 tris,
1095 1232 1189 1264 milvi
1205 1232 1500 1274 rapacissimorum
1512 1233 1706 1265 animalium

1006 1283 1164 1323 exemplo
1192 1281 1295 1314 docet
1309 1283 1488 1323 Horatius,
1511 1292 1623 1324 neque
1648 1283 1707 1314 ina

1006 1333 1228 1372 rapacitatem
1252 1342 1391 1372 exuere,
1409 1342 1486 1364 cum
1508 1331 1705 1364 insidiarum

1006 1385 1098 1412 metu
1125 1386 1284 1413 arcentur
1313 1391 1333 1412 a
1357 1381 1488 1423 praeda,
1513 1391 1621 1423 neque
1645 1391 1704 1414 nos

1006 1432 1150 1472 injustos
1178 1436 1215 1463 et
1235 1432 1408 1473 improbos
1434 1441 1512 1464 esse
1537 1431 1706 1474 desinere,

1006 1491 1097 1523 cum,
1112 1483 1223 1515 animo
1243 1483 1337 1519 mali,
1354 1493 1420 1515 non
1436 1487 1572 1525 sponte,
1588 1483 1648 1515 sed
1665 1483 1708 1515 ti-

1007 1541 1098 1564 more
1114 1533 1148 1564 in
1164 1532 1277 1565 officio
1293 1533 1520 1566 continemur.
1546 1534 1691 1567 stru-ene.

1049 1585 1091 1614 52
1117 1584 1259 1615 Oderunt
1280 1583 1423 1624 peccare]
1466 1583 1559 1615 Vilia
1594 1583 1707 1615 omnia

1007 1634 1206 1675 sceleraque
1226 1634 1351 1666 habent
1374 1633 1467 1674 odio,
1483 1633 1527 1665 ad
1544 1633 1706 1665 virtutem

1009 1683 1062 1714 vel
1086 1688 1219 1715 naturae
1241 1683 1358 1722 ductu,
1376 1683 1430 1715 vel
1452 1686 1548 1714 recta
1569 1682 1707 1714 institu-

1007 1733 1103 1765 tione
1120 1733 1291 1774 propensi.
1307 1733 1409 1774 Cruq.¹
1441 1732 1580 1765 Virtutis
1588 1731 1707 1772 amore]

1008 1781 1085 1814 Hoc
1108 1787 1161 1814 est
1193 1782 1295 1823 quod,
1325 1782 1354 1814 si
1381 1781 1572 1814 Plutarcho
1597 1781 1707 1814 credi-

1008 1841 1096 1872 mus,
1115 1831 1233 1863 dicere
1262 1830 1397 1864 solebat
1417 1831 1644 1872 Xenocrates,
1666 1841 1708 1864 eo

1009 1881 1138 1912 distare
1151 1881 1378 1921 Philosophos
1387 1880 1437 1912 ab
1453 1881 1540 1920 aliis,
1551 1879 1643 1923 quod
1656 1881 1708 1922 ip·

1009 1930 1037 1960 si
1053 1934 1176 1969 sponte
1197 1929 1367 1966 facerent,
1393 1939 1467 1971 quae
1486 1931 1594 1962 ceteri
1612 1936 1707 1964 metu

1007 1979 1119 2019 legum
1134 1978 1240 2010 inviti.
1260 1979 1407 2010 Tor-rent.

1049 2030 1091 2059 68
1118 2028 1164 2059 Tu
1188 2026 1286 2068 nihil]
1309 2028 1509 2061 Quinctium
1538 2039 1601 2071 pro
1625 2038 1708 2072 quo-

1009 2079 1058 2110 vis
1073 2088 1091 2110 e
1109 2079 1236 2120 populo
1253 2079 1459 2120 alloquitur:
1482 2089 1550 2112 non
1564 2081 1654 2122 quod
1669 2081 1707 2112 il-

1009 2128 1076 2159 lum
1097 2128 1200 2159 talem
1222 2137 1297 2159 esse
1319 2128 1532 2168 pronuntiet.
1577 2129 1710 2161 Conve-

1008 2177 1059 2208 nit
1069 2183 1182 2209 autem
1196 2177 1274 2209 hnic
1289 2177 1366 2210 loco
1381 2178 1463 2210 illud
1477 2178 1620 2212 Senecae
1639 2179 1705 2220 Ep.

1008 2230 1061 2259 96.
1089 2229 1099 2246 ⁴
1114 2227 1279 2268 Honesta,
1294 2227 1455 2269 quamdiu
1469 2228 1536 2260 illis
1553 2238 1632 2270 spes
1654 2230 1704 2260 in-

1009 2283 1062 2309 est
1083 2277 1207 2318 aliqua,
1227 2278 1422 2319 sequimur:
1450 2278 1484 2309 iu
1500 2280 1707 2311 contrarium

1009 2328 1183 2359 transituri
1209 2327 1237 2358 si
1268 2328 1344 2369 plus
1368 2329 1536 2360 scelerata
1565 2329 1708 2370 promit-

1009 2377 1109 2409 tant.’
1137 2377 1280 2410 Torreat.
1328 2377 1374 2409 'sta
1395 2378 1476 2411 nihil
1500 2379 1649 2410 admittes
1674 2380 1708 2413 ιἰι

1008 2426 1055 2466 ee]
1076 2426 1129 2458 Tu
1150 2432 1267 2459 autem
1291 2437 1311 2458 a
1334 2430 1478 2468 peccato
1499 2431 1535 2459 te
1559 2427 1709 2460 abstine·

1010 2476 1075 2509 bis.
1563 2488 1566 2490 ’

1052 2529 1094 2558 54
1118 2525 1172 2558 Sit
1181 2535 1250 2568 spes
1256 2525 1408 2568 fallendi]
1429 2525 1466 2559 Si
1487 2535 1603 2567 speres
1617 2525 1708 2569 fore,

1010 2581 1048 2609 ut
1063 2578 1167 2608 lateat
1183 2575 1399 2608 maleficium.
1444 2576 1594 2609 Miscebs‘s
1618 2586 1708 2608 sacra

1007 2627 1164 2669 profanis]
1187 2627 1374 2668 Bonorum,
1389 2631 1426 2659 et
1447 2627 1612 2660 malorum
1641 2627 1708 2660 ‹lis—

1011 2680 1141 2711 crimen
1158 2679 1268 2710 tolles.
1557 2679 1562 2682 ·

1053 2732 1093 2760 55
1119 2728 1354 2766 Demillesaboe
1369 2728 1495 2770 modiis]
1517 2729 1644 2761 Verum
1655 2733 1709 2761 est

1011 2778 1100 2820 quod
1125 2778 1172 2810 ait
1188 2778 1365 2818 Horatius,
1379 2788 1455 2810 eum
1471 2779 1527 2820 qui
1550 2779 1593 2810 de
1615 2778 1705 2810 mille
