1858 3184
596 244 652 290 ‘Q-
690 251 900 298 notun
935 251 1127 284 rucei.
1478 242 1590 286 1971

205 353 306 391 1608
336 352 386 396 Q.
409 352 464 392 Η.
480 350 524 390 F.
544 362 594 391 α
610 349 689 390 fide
706 355 802 389 vett.
817 347 955 390 codd.
975 348 1140 389 Witteb.
1160 348 1266 402 typis
1287 349 1402 389 Laut.
1423 350 1591 390 Senber-

147 416 241 456 fich.
261 418 302 455 8.

200 502 254 512 -·
281 479 423 521 Bondii
440 479 553 520 nobis
573 492 648 519 111.
667 476 834 517 Londin.
850 477 916 517 Jo.
934 476 1103 518 Notton.
1122 478 1158 515 8.

197 565 253 575 -·
280 544 385 597 opp.
396 557 446 584 ex
465 543 568 584 offic.
588 540 762 582 Plantin.
779 541 902 581 Autv.
921 542 983 581 12.

204 609 307 647 1609
336 608 424 648 Nic.
454 606 660 647 Frischlini
686 606 727 645 in
750 604 919 658 Epistol.
951 604 1087 644 Libros
1108 615 1162 645 ιι.
1199 604 1383 646 Francos.
1410 606 1451 645 8.
1487 605 1587 659 Typ.

146 671 237 711 Nic.
257 671 488 711 Hofmanni.

198 761 254 768 —-
278 738 451 778 et1610.
491 737 623 791 Opera
654 750 744 778 cum
773 737 879 776 notis
902 737 1007 777 Dan.
1027 735 1195 776 Heinsii.
1233 734 1361 787 bugd.
1401 736 1489 776 Bat.
1524 746 1590 786 ap.

143 800 391 854 Rapheleng.
410 803 451 840 8.
807 835 809 837 ,
858 836 862 837 ⁷

176 867 302 905 -1610
329 865 376 905 In
392 866 446 911 Q.
466 865 587 906 HJ.
613 866 797 919 poiimata
826 867 959 907 omnia
990 879 1117 906 rerum
1148 879 1198 906 ac
1229 865 1434 905 verborum
1464 862 1589 902 Index

138 928 302 981 duplex,
320 929 453 970 studio
465 929 536 970 Jo.
554 931 661 970 Petr.
677 930 807 978 Tanii‚
825 931 980 983 Eugub.
999 931 1207 978 collectus,
1225 935 1267 970 et
1294 941 1403 968 nunc
1421 927 1588 979 primum

138 992 291 1038 edium
319 993 426 1046 apud
440 994 574 1034 hei-ed.
589 993 750 1034 Pacifici
766 994 912 1034 Pontii.
927 995 1093 1035 Mediol.
1108 997 1147 1035 8.

193 1079 249 1087 —-
273 1070 363 1096 cum
382 1059 528 1097 Mureti
546 1065 587 1097 et
604 1059 772 1098 Manutii
788 1060 1124 1099 annotationibus.
1146 1060 1273 1114 Lugd.
1295 1062 1334 1101 8.

195 1143 248 1150 —
275 1121 418 1160 Bondii
437 1135 500 1161 xv.
520 1122 676 1161 Hanov.
697 1135 760 1174 ap.
781 1123 942 1162 Guiliel.
962 1123 1192 1162 Antonium.
1213 1127 1254 1162 8.

194 1205 249 1216 ›-
270 1197 325 1223 ει
341 1184 437 1224 edit.
456 1184 608 1226 Theod.
627 1185 851 1233 Pulmanni‚
875 1186 1044 1225 Craneb.
1062 1187 1181 1225 Antv.
1207 1188 1268 1225 16.

193 1269 249 1277 ——
274 1248 350 1287 Ars
367 1250 474 1300 pobit.
493 1262 529 1288 c.
547 1248 650 1288 trad.
672 1250 761 1288 Ital.
782 1250 888 1302 Scip.
906 1250 1048 1290 Ponze.
1066 1251 1195 1302 Neap.
1213 1253 1254 1291 4.

198 1312 295 1350 1611
328 1312 554 1364 Cruquiana
574 1325 657 1352 vn.
678 1325 727 1352 ex
746 1313 812 1353 off.
845 1313 1020 1354 Plantin.
1041 1314 1208 1366 Raphel.
1227 1317 1268 1353 4.
1300 1327 1395 1366 quoe
1414 1314 1586 1354 classica

139 1372 306 1413 habetur
320 1380 364 1414 et
380 1376 518 1415 ratior.
533 1376 660 1416 Adest
677 1377 831 1416 veroin
851 1377 954 1417 Bibl.
973 1377 1123 1429 Gymn.
1143 1377 1234 1429 Bip.

190 1460 245 1469 —-—
273 1438 317 1477 In
337 1439 455 1492 Corp.
470 1441 576 1492 pob't.
593 1440 696 1481 Latt.
719 1440 782 1480 ed.
803 1454 855 1480 11.
874 1441 1009 1481 Aurel.
1026 1441 1178 1481 Allobr.
1198 1441 1340 1481 excud.
1357 1442 1464 1482 Sam.
1475 1441 1586 1482 Cris-

137 1502 268 1555 pinm,
286 1505 328 1543 4.
343 1503 435 1543 Vol.
456 1516 488 1544 1.
506 1517 546 1556 p.
565 1506 795 1545 748-822.

189 1589 246 1598 -
269 1566 364 1609 Nic.
379 1568 539 1608 Colonii
557 1569 784 1622 Responsio
798 1569 988 1609 adversus
1000 1570 1212 1609 absurdam
1231 1570 1469 1610 sententiam
1490 1572 1586 1610 Ant.

138 1629 352 1670 Rioeoboni
370 1631 421 1671 de
438 1633 591 1671 Horatii
608 1633 743 1672 libello
766 1633 819 1672 ad
851 1633 1016 1673 Pisones
1033 1633 1087 1672 de
1104 1633 1273 1685 poiitica.
1305 1634 1408 1685 Typ.
1428 1634 1586 1673 Comini

138 1691 340 1734 Ventum.
358 1694 555 1747 Bergoufi,
573 1700 613 1735 4.

192 1778 246 1786 —-
270 1757 414 1796 Bondii
435 1772 477 1797 v.
497 1760 679 1806 Londini,
701 1762 740 1797 8.

164 1830 167 1831 ’
189 1839 244 1848 -—-
266 1832 359 1858 enm
377 1821 482 1859 notis
500 1821 587 1860 Jac.
604 1822 782 1873 Cruquii.
801 1821 967 1861 Londin.
985 1835 1055 1874 per
1071 1822 1140 1861 Jo.
1159 1822 1334 1863 Norton.
1356 1824 1394 1863 8.

190 1904 244 1912 -—
270 1882 553 1923 Bersmaniana
572 1898 603 1924 1.
621 1885 746 1938 (Lips.
770 1887 906 1935 1602.)
923 1885 1105 1937 repetita.
1127 1886 1253 1926 Basil.
1272 1889 1317 1933 8.

195 1947 297 1985 1612
325 1947 376 1991 Q.
393 1948 447 1986 H.
468 1947 514 1988 F.
534 1949 792 1995 Emblemato„
810 1949 944 1988 studio
962 1949 1060 1989 oth.
1079 1949 1222 1989 vaeuii.
1236 1950 1363 1991 Antv.
1382 1954 1424 1990 4.

187 2028 245 2042 --
269 2022 359 2049 eum
378 2011 547 2063 oanigg'.
567 2011 716 2064 Georg.
736 2011 913 2053 Fabricii.
937 2012 1121 2052 Heidelb.
1140 2015 1182 2053 8.

140 2101 142 2103 »
190 2092 245 2105 υ-
270 2073 537 2117 Lambiniana.
556 2075 737 2116 Francos.
757 2089 824 2129 ap.
842 2077 928 2116 ber.
942 2076 1123 2117 Wechel.
1141 2078 1181 2116 4.

188 2159 244 2168 -—-
268 2138 382 2178 Paul.
402 2139 542 2179 Franci
561 2153 703 2180 comm.
721 2141 762 2180 in
784 2154 815 2181 1.
833 2147 877 2180 et
892 2154 966 2183 ιιι.
978 2141 1062 2180 Od.
1083 2141 1169 2181 Lib.
1191 2155 1225 2180 1.
1248 2141 1417 2182 Horatii.
1436 2156 1470 2182 s.
1487 2142 1517 2183 l.
1538 2144 1581 2183 4.

189 2223 244 2232 —
270 2203 321 2247 Q.
341 2203 394 2242 H.
410 2203 455 2242 F.
475 2217 565 2243 cum
592 2206 822 2258 paraphrasi
856 2205 1035 2244 Eiihardi
1068 2206 1209 2246 Lubini
1233 2206 1318 2258 jam
1345 2206 1400 2246 de
1428 2207 1583 2259 integro

135 2263 255 2314 edita,
267 2272 309 2305 et
324 2267 455 2306 multis
482 2268 521 2306 in
540 2268 639 2308 locis
667 2276 856 2309 correcta.
893 2270 1048 2309 Excud.
1088 2270 1155 2308 Jo.
1189 2270 1419 2321 Bringems.
1460 2271 1582 2308 Fran-

141 2329 219 2368 cos.
248 2331 288 2368 4.

192 2413 247 2422 —
273 2392 493 2432 Heinsiana
513 2407 564 2432 11.
584 2407 675 2434 cum
691 2396 958 2437 animadvers.
970 2404 1014 2436 et
1031 2397 1136 2436 notis
1156 2397 1262 2436 Dan.
1283 2395 1438 2435 Heinsii
1463 2396 1582 2449 longe

138 2454 391 2494 unctioribus.
434 2456 620 2507 Ejusdem
640 2458 751 2497 Liber
769 2459 820 2499 de
840 2461 996 2514 Satyra.
1029 2460 1145 2512 Apud
1168 2459 1418 2558 Rapbeleng.
1454 2460 1580 2512 Lugd.

144 2513 232 2554 Bat.
248 2518 287 2555 8.

194 2601 249 2611 —-
274 2592 363 2620 cum
381 2582 485 2620 notis
505 2583 607 2623 Dan.
625 2584 775 2626 Heinsii
789 2601 853 2639 ap.
874 2586 975 2627 Lud.
993 2586 1161 2625 Eizevir.
1181 2587 1308 2627 Amst.
1332 2589 1394 2628 12.

198 2644 300 2683 1613
329 2643 390 2684 De
404 2644 588 2686 laudibus
610 2650 703 2689 vita
719 2652 878 2691 mstieoe
894 2663 1039 2690 comm.
1070 2651 1110 2688 in
1140 2649 1271 2691 oziam
1291 2665 1314 2692 e
1335 2652 1466 2693 Libro
1464 2655 1580 2706 --Epo

138 2705 235 2755 don,
254 2715 411 2748 anctore
430 2709 572 2751 Boi-nh.
582 2711 749 2763 Βὶιωίο,
768 2715 937 2756 Fon-oliv.
953 2714 1126 2753 Flovent.
1143 2728 1213 2767 per
1223 2715 1292 2756 Jo.
1306 2715 1519 2757 Donatum.
1539 2721 1578 2789 4.

192 2794 245 2801 —
271 2785 361 2811 cum
362 2774 610 2826 *paraphrasi
629 2776 902 2818 mb.1.ubini.
923 2777 1112 2818 Rostoch.
1132 2782 1176 2820 4.
