1858 3184
203 214 317 257 1870

204 320 254 352 vis
269 320 367 362 longo
382 320 424 353 ad
441 321 636 354 discendum
652 322 762 363 spatio
778 321 904 363 posuit.

207 370 297 403 Tor-r.
341 371 557 415 Insenuitque]
595 373 639 404 Et
669 372 797 404 senium
827 382 904 404 cou-

203 422 312 453 traxit
327 431 369 453 ex
386 423 546 454 librorum
562 423 720 454 lectione.

246 474 288 503 8³
311 471 425 504 Statua
439 473 629 505 taciturnius
640 473 727 514 exit]
746 472 902 504 Studium

204 521 461 554 immoderatum
470 523 622 554 homines
633 521 739 554 efficit
751 523 903 564 aliquau-

205 573 249 604 do
276 573 416 605 hebetes
445 578 483 605 et
513 573 685 614 ridiculos,
713 574 902 614 praesertini

204 622 261 654 ubi
277 622 319 653 ad
337 623 441 654 vitam
457 623 630 664 politicam
647 623 829 655 accedunt.

247 674 289 703 84
313 672 395 704 Risu
414 674 559 714 populum
576 672 694 714 quatit]
717 673 817 706 Quod
836 682 903 704 non

205 727 276 754 tam
292 723 335 754 ad
359 724 515 755 carminis
537 724 722 763 scribendi,
738 734 838 765 quam
861 723 903 754 ad

204 773 466 815 ineptitudinem
491 785 620 806 morum
643 774 792 816 vitaeque
813 784 905 806 com-

205 824 327 860 munis,
344 825 506 865 pertinet.
532 826 630 865 Cruq.

247 876 289 905 86
311 868 453 917 Digner]
482 875 632 916 Dignum
653 876 800 908 arbitrer
825 885 905 907 con-

205 930 346 956 nectere
363 925 466 956 verba
479 935 598 957 sonum
613 926 696 967 lyrae
711 931 856 966 motura,
870 925 905 957 id

205 979 272 1015 est,
285 976 435 1006 carmina
450 976 576 1017 lyrica?

185 1026 191 1033 ’
209 1043 212 1046 <
247 1027 289 1056 87
312 1025 429 1057 Frater
442 1030 510 1057 erat
524 1026 771 1058 Romaecmasuui
783 1027 904 1068 rhetor]

205 1074 369 1115 Epistolae
393 1082 630 1116 argumentum
651 1076 716 1107 hoc
735 1079 805 1107 est:
830 1076 908 1107 Flo-

205 1133 279 1155 rum
307 1124 454 1156 Horatio
479 1125 725 1161 succensuisse.
746 1125 836 1166 quod
863 1125 907 1156 ab

206 1184 247 1205 eo
266 1174 349 1206 nihil
378 1175 552 1207 literarum
577 1176 773 1216 acciperet:
801 1174 910 1206 Hora-

206 1226 290 1257 tium
309 1226 407 1267 justa
433 1226 482 1258 uti
501 1226 732 1266 excusatione,
748 1226 838 1267 quod
865 1235 907 1257 ne

206 1275 241 1306 id
270 1276 407 1316 quidem
434 1286 470 1307 se
500 1275 667 1308 facturum
699 1277 907 1316 promiserit.

207 1325 368 1356 Carmina
401 1330 515 1357 autem
549 1326 628 1357 ideo
663 1335 729 1357 non
759 1327 914 1366 mittere,

206 1376 298 1417 quod
325 1375 555 1417 Philosophiae
582 1376 808 1417 incumberet,
830 1386 907 1408 curn

206 1432 299 1467 ante,
326 1431 530 1468 paupertate
566 1427 747 1462 adductus,
775 1427 909 1469 poetari

207 1477 381 1518 coepisset.
414 1477 542 1509 Verum
554 1475 756 1509 manifestus
771 1482 823 1508 est
837 1476 907 1508 hia-

208 1532 275 1563 tus.
290 1531 325 1558 et
340 1527 522 1558 sententia:
537 1525 705 1559 defectus.
749 1527 843 1558 Sciat
855 1536 909 1558 er·

208 1586 252 1617 go
268 1577 386 1618 lector,
399 1577 481 1608 nibil
497 1587 644 1618 unquam
662 1577 819 1618 Pythiam
835 1577 909 1608 dix-

207 1627 274 1658 isse
289 1627 413 1664 verins,
427 1637 525 1669 quain
541 1628 602 1659 hos
617 1628 860 1669 quinquaginta
875 1630 911 1659 et

208 1686 269 1709 sex
286 1686 414 1717 versus,
429 1677 545 1718 quide
567 1677 686 1709 Poetis
708 1681 745 1708 et
767 1676 911 1709 Poetica

208 1727 382 1760 scribendi
397 1727 533 1759 ratione
555 1734 676 1769 agunt,
690 1726 746 1758 hic
766 1726 910 1759 insertos

208 1789 302 1811 esse:
327 1788 454 1821 eosque
466 1779 586 1811 Poe'tae
597 1783 748 1810 mentem
764 1782 801 1810 et
811 1778 912 1819 Epis·

209 1830 290 1861 tolae
314 1829 511 1861 institutum
539 1834 594 1861 tot
613 1830 687 1870 jam
706 1838 810 1861 annos
825 1828 911 1860 divi-

208 1879 291 1910 sisse
307 1879 453 1919 pessime
467 1888 507 1910 ac
527 1879 766 1919 interpolasse.
810 1877 911 1910 Quod

209 1933 282 1959 tum
307 1927 491 1969 apparebit
515 1928 674 1968 primum,
695 1927 738 1966 si,
763 1927 911 1958 inductis

209 1978 290 2018 inis,
306 1977 437 2018 reliqua
453 1978 691 2008 continuemus
711 1978 774 2008 hoc
789 1976 910 2008 modo:

209 2028 220 2044 ‘
239 2026 329 2059 Heic
348 2035 413 2068 ego
428 2036 543 2058 rerum
554 2025 732 2057 Fluctibus
745 2026 778 2057 in
791 2026 912 2057 mediis

210 2081 248 2108 et
273 2075 536 2117 tempestatibus
561 2075 663 2115 urbis,
689 2075 805 2107 Verba
827 2076 910 2117 lyrae

209 2131 344 2159 motura
381 2135 498 2158 sonum
533 2131 742 2158 connectere
769 2126 912 2167 digner?

210 2177 380 2210 Nimirum
396 2186 516 2218 sapere
531 2181 585 2208 est
596 2176 740 2218 abjectis
754 2176 838 2207 utile
851 2185 911 2207 nu-

211 2228 277 2269 gis,
289 2227 335 2259 Et
347 2226 587 2268 tempestivum
599 2226 710 2268 pueris
721 2226 914 2258 concedere

212 2277 342 2323 ludum.
384 2277 437 2309 Ac
459 2286 525 2309 non
541 2277 645 2309 verba
671 2277 767 2318 sequi
786 2276 911 2309 fidibus

213 2326 417 2360 modulanda
439 2327 584 2369 Latinis,
599 2328 667 2360 Sed
683 2337 774 2359 verte
796 2337 913 2359 nume-

212 2387 338 2420 rosque
372 2377 559 2420 modosque
576 2377 772 2421 ⁸addiscere
809 2377 914 2411 vitae.'

215 2428 316 2469 Nego
325 2428 505 2470 quicquam
519 2437 594 2460 esse
603 2428 637 2460 iu
652 2428 820 2469 scriptore
832 2428 913 2468 isto,

215 2478 303 2518 qnod
320 2479 490 2510 cohaereat
500 2478 630 2519 melius,
639 2482 699 2510 aut
714 2483 781 2510 tam
795 2488 913 2510 neces-

215 2529 337 2560 sarium
349 2530 406 2569 sit,
415 2539 514 2571 quam
526 2534 564 2561 ut
575 2530 634 2561 illa
646 2530 913 2572 conjungantur:

214 2578 224 2594 ‘
242 2577 315 2617 Ut,'
331 2578 452 2620 inquit,
473 2584 483 2597 ¹
497 2579 629 2621 reliqua
653 2580 818 2616 omittam,
839 2579 914 2611 tieri

216 2628 273 2669 qui
290 2633 415 2670 potest,
431 2630 516 2661 utin
532 2630 637 2662 tantis
652 2630 746 2662 urbis
763 2629 915 2662 tumulti-

217 2678 280 2710 bus
295 2677 350 2718 (et
366 2679 578 2711 enumeravit
593 2678 727 2721 omnes)
736 2688 851 2712 versus
864 2678 914 2712 fa·

217 2728 319 2767 eiam,
337 2737 412 2759 cum
431 2729 504 2759 liaec
521 2730 602 2761 talia
617 2730 789 2762 silentium
805 2730 917 2772 requi-

219 2778 319 2810 rant?
364 2777 532 2811 Nimirum
548 2780 633 2811 utile
649 2785 714 2820 est,
730 2780 819 2822 quod
835 2780 918 2821 dixi,

659 226 800 257 NOTAE
835 224 1097 255 VARlORUM
1146 225 1197 256 ΙΝ

955 324 994 351 ut
1009 318 1052 351 ab
1074 319 1163 350 omui
1180 319 1243 350 hoc
1264 312 1389 351 studio'
1404 318 1606 361 abstineam,
1619 325 1654 353 et

954 370 1014 401 has
1041 379 1147 411 nugas
1174 369 1289 410 pueris
1313 369 1522 410 relinquam:
1545 374 1655 412 neque

954 421 1072 452 modos
1099 430 1254 452 versuum
1282 425 1317 451 et
1342 429 1514 461 numeros,
1539 423 1656 453 verum

953 471 1059 512 ipsius
1076 471 1157 502 vitae
1181 479 1320 512 sequar.
1364 470 1443 502 Hoc
1458 479 1556 512 agam
1570 481 1580 501 :
1602 470 1658 503 bic

954 525 1102 552 mentem
1120 520 1288 552 habeam!
1310 520 1439 560 Quare,
1454 529 1563 562 apage
1572 520 1659 553 Ροὲ-
1710 561 1716 565 ¹

954 572 1023 603 tica
1040 576 1227 612 praecepta,
1243 576 1279 602 et
1295 571 1330 603 id
1354 580 1461 612 genus
1483 572 1561 613 alia,
1581 581 1657 613 qnae

953 623 1008 654 hic
1026 623 1171 664 pessime
1188 624 1319 654 intexta
1345 627 1454 655 erant.
1500 622 1658 665 Aliquam

956 678 1068 705 autem
1083 673 1172 704 illius
1185 674 1350 714 Epistolae
1363 679 1495 714 partem
1508 673 1661 714 periisse,-

954 724 1050 755 nobis
1067 728 1136 755 tam
1153 728 1206 755 est
1229 728 1374 758 certum,
1392 733 1492 763 quam
1515 722 1660 755 meridie

954 774 1093 805 lucere:
1118 783 1319 815 quamquam
1345 772 1378 804 id
1395 783 1415 804 a
1437 773 1572 804 nemine
1599 782 1660 804 no-

955 829 1064 857 tatum
1091 823 1210 856 fuerit.
1252 823 1353 857 Quod
1370 824 1423 854 vel
1445 832 1489 854 ex
1512 823 1577 854 illis
1599 823 1661 856 fiet

955 873 1194 905 manifestum:
1235 873 1376 904 ‘Tanto
1406 882 1483 904 cum
1512 874 1660 914 strepitu

956 923 1027 955 ludi
1050 928 1252 964 spectantur
1267 927 1302 955 et
1326 928 1430 964 artes,
1446 923 1660 964 Divitiaeque

957 975 1170 1015 peregrinae:
1194 974 1318 1015 quibus
1328 973 1456 1005 oblitus
1467 979 1564 1005 actor
1574 974 1660 1005 Cum

957 1024 1057 1056 stetit
1073 1025 1105 1055 in
1122 1033 1238 1063 scena,
1249 1024 1423 1056 concurrit
1439 1023 1587 1055 dextera
1602 1024 1662 1055 lae-

956 1083 1022 1105 vae.
1061 1074 1164 1106 Dixit
1187 1073 1297 1105 adbuc
1320 1073 1472 1115 aliquid?
1498 1074 1546 1105 nil
1567 1083 1662 1106 sane.

957 1123 1039 1165 qnid
1065 1124 1168 1164 juvat
1199 1123 1303 1164 ergo?
1342 1119 1437 1155 Lana
1461 1123 1663 1160 Tarentino,

957 1174 1064 1205 violas
1101 1174 1235 1205 imitata
1253 1173 1425 1206 'veneno.’
1461 1174 1548 1206 Post
1576 1175 1662 1214 boec,

958 1224 1024 1256 ista
1039 1223 1164 1255 deinde
1190 1223 1389 1265 subjungit:
1411 1224 1421 1242 ‘
1436 1222 1490 1256 Ac
1513 1233 1557 1256 ne
1572 1223 1663 1256 forte

958 1279 1073 1315 putes,
1094 1283 1161 1314 me,
1177 1283 1253 1316 quae
1269 1272 1385 1305 facere
1401 1273 1474 1315 ipse
1498 1282 1664 1313 recusem,

959 1325 1044 1357 Cum
1060 1329 1156 1355 recte
1171 1328 1326 1355 tractent
1346 1323 1417 1359 alii,
1431 1323 1571 1356 laudare
1593 1334 1662 1356 ma-

959 1373 1074 1414 ligne!
1111 1373 1245 1407 Quibus
1261 1372 1419 1415 profecto
1431 1373 1598 1411 versibus,
1613 1373 1664 1406 fa-

959 1432 1053 1459 tetur
1068 1426 1111 1458 de
1127 1426 1248 1458 Poetis
1265 1435 1302 1458 se
1318 1425 1506 1468 judicasse,
1520 1435 1598 1458 cnm
1615 1427 1664 1458 ni-

957 1477 1004 1509 hil
1031 1478 1142 1509 minus
1172 1477 1283 1517 egerit
1309 1477 1342 1509 iu
1374 1477 1664 1519 praecedentibus.

960 1528 1033 1559 Nos
1044 1527 1159 1560 dicere
1171 1528 1349 1568 audemus,
1360 1532 1467 1560 totam
1478 1528 1566 1560 hanc
1580 1538 1665 1568 prae·

959 1579 1085 1609 claram
1102 1578 1281 1619 epistolam
1297 1578 1414 1610 deberi
1426 1579 1538 1611 nobis.
1561 1578 1664 1610 Hein-

957 1628 1036 1660 sius.
1085 1629 1200 1660 Frater
1228 1632 1297 1661 erat
1328 1628 1448 1665 Romae,
1476 1627 1545 1669 εγω]
1583 1628 1664 1660 Duo

960 1682 1059 1710 erant
1073 1677 1198 1711 fratres
1214 1679 1347 1718 Romae,
1362 1688 1496 1711 suarum
1519 1680 1612 1711 inter
1626 1687 1663 1710 se

960 1727 1099 1760 laudum
1111 1738 1311 1773 precones,
1325 1729 1349 1762 J
1351 1729 1594 1761 uri-consultus
1616 1729 1665 1761 al-

962 1781 1028 1818 ter,
1045 1778 1132 1809 alter
1155 1777 1293 1810 Orator.
1339 1779 1499 1821 emam]
1522 1779 1578 1812 De
1600 1779 1665 1811 hoc

962 1837 1097 1870 qnoque
1109 1828 1276 1860 vocabulo
1289 1832 1368 1860 ante
1380 1827 1537 1870 diximus,
1558 1838 1584 1861 1.
1594 1829 1665 1862 Od.

961 1880 1017 1909 23.
1063 1879 1232 1919 Exemplo
1254 1883 1368 1910 autem
1385 1879 1503 1911 borum
1517 1878 1667 1912 fratrum

962 1927 1103 1958 laudare
1131 1937 1168 1958 se
1194 1931 1312 1959 mutuo
1338 1927 1480 1967 Paetus,
1505 1928 1563 1970 qni
1594 1934 1665 1960 tum

961 1975 1090 2017 aliquid
1106 1976 1223 2007 Romoe
1239 1975 1450 2016 scribebant,
1459 1977 1664 2016 ostendens;

961 2035 1037 2057 eam
1068 2035 1203 2067 quoque
1232 2035 1387 2058 caussam
1415 2027 1576 2067 praetexit
1604 2036 1667 2059 cur

962 2077 1036 2118 ipse
1062 2087 1082 2108 a
1105 2076 1290 2109 scribendo
1319 2080 1449 2109 cesset:
1472 2086 1596 2119 nempe
1621 2087 1666 2110 ne

963 2136 1047 2168 quos
1073 2127 1158 2158 nolit
1180 2127 1319 2158 laudare
1346 2131 1502 2167 cogatur.
1546 2127 1665 2170 Atque

962 2178 1012 2210 ita
1055 2178 1146 2219 apud
1194 2178 1396 2211 Juvenalem
1443 2177 1663 2211 Umbricius:

961 2228 971 2245 ‘
990 2227 1082 2262 Quid
1094 2228 1210 2260 Romae
1221 2227 1371 2260 faciam?
1390 2228 1526 2260 mentiri
1537 2229 1665 2267 nescio,

962 2278 1084 2310 librum
1097 2278 1164 2315 Qui
1177 2279 1284 2310 malus
1299 2283 1353 2310 est
1365 2287 1499 2320 nequeo
1510 2278 1667 2318 laudare,

963 2333 999 2360 et
1012 2328 1176 2370 poscere.'
1199 2330 1343 2361 Tor-rene.
1391 2329 1534 2361 Consulti
1546 2329 1667 2371 rhetor]

962 2379 1202 2412 Jurisconsulti
1216 2379 1335 2413 frater.

1006 2431 1049 2460 89
1074 2429 1234 2461 Gracchus
1259 2429 1313 2471 ut]
1335 2429 1454 2462 Caium
1469 2429 1665 2463 Gracchum

962 2479 1138 2520 intelligo:
1162 2489 1364 2522 quamquam
1393 2480 1484 2512 enim
1505 2480 1665 2522 eloquen-

963 2530 1012 2561 tia
1042 2529 1228 2571 praestabst
1256 2530 1362 2562 etiam
1389 2530 1575 2570 Tiberins;
1607 2531 1667 2564 ille

964 2585 1077 2612 tamen
1094 2581 1260 2613 illustrior
1274 2588 1400 2621 orator,
1423 2590 1548 2623 nempe
1565 2580 1665 2614 fortis

964 2636 1002 2662 et
1027 2631 1219 2671 vehemens,
1249 2631 1407 2673 quodque
1430 2631 1594 2677 nonnullis
1615 2631 1664 2663 vi-

964 2689 1037 2711 sum
1066 2679 1172 2712 fuisse
1198 2681 1246 2713 ait
1264 2680 1398 2713 Gellius
1423 2680 1484 2713 lib.
1507 2689 1544 2713 x.
1569 2689 1665 2713 seve·

965 2731 1046 2771 rior,
1064 2732 1186 2773 acrior,
1206 2731 1416 2773 ampliorque
1438 2732 1514 2773 ipso
1529 2732 1663 2764 Cicero·

965 2790 1020 2814 ne.
1045 2782 1187 2815 Tor-rent.
1222 2780 1511 2822 Gracchusutht'c]
1533 2780 1662 2813 Tantus
