1858 3184
262 219 375 263 1944
685 228 941 261 ascensus
986 227 1272 260 sni'riosum

255 330 414 382 junctas
447 330 578 376 habet,
610 338 649 368 et
683 330 858 382 pluribus
892 343 1000 382 seqq.
1039 330 1201 382 praeivit.
1260 329 1410 367 Habuit
1441 327 1547 368 illam
1575 327 1616 370 «l.
1644 330 1707 369 M.

261 394 478 442 Gesnerus,
497 395 564 446 qui
600 408 685 434 earn
724 394 912 432 describit
946 394 984 431 in
1024 394 1132 445 praef.
1168 393 1317 431 Horatii
1354 394 1439 432 sui:
1468 393 1534 445 qui
1553 401 1708 445 quater·

261 459 396 498 niones
416 459 534 497 habet
568 472 644 496 non
675 458 822 497 ‘literis
855 458 1055 510 alphabeti
1086 458 1278 508 signatos,
1313 457 1383 496 sed
1422 456 1516 496 folia
1550 457 1639 509 ipsa
1665 457 1705 496 in

260 523 407 574 angulo
427 522 565 560 dextro
586 522 741 573 paginae
757 522 923 560 adversa
940 521 1108 559 numeris
1131 521 1330 568 distincta,
1351 520 1402 559 ad
1430 533 1531 573 quos
1551 533 1711 561 accom·.

262 587 421 624 modata
436 594 497 624 est
515 585 651 624 tabula
681 586 986 624 vocabulorum!
1042 585 1254 623 Praemissa
1273 598 1365 623 vero
1394 585 1512 624 estin
1549 584 1707 624 laudem

261 649 455 689 Landini:
499 655 509 671 ‘
530 649 591 687 Ad
633 650 838 689 Horatium
877 651 1061 688 Flaccum
1096 649 1184 688 Ode
1219 650 1383 688 Dicolos
1422 649 1706 699 tetrastrophos

262 714 404 765 Angeli
425 714 635 753 Pontiani!
663 715 762 752 Eam
776 715 975 765 sequitur:
1005 719 1015 735 ‘
1032 713 1266 751 Prooemium
1289 713 1519 764 Christoph.
1541 712 1706 751 Landini

262 777 535 816 Florentiniin
572 778 624 822 Q.
646 778 800 816 Horatii
821 778 952 816 Flacci
986 777 1105 816 libros
1139 790 1275 816 omnes
1314 777 1365 815 ad
1401 777 1705 815 illustrissimum

259 841 483 880 Guidonem
506 842 688 881 Felirium
708 842 839 894 magni
862 842 1038 880 Federici
1058 842 1182 881 Ducis
1202 842 1340 881 fllium.
1369 841 1706 893 interpretationes

257 905 446 958 incipiunt
465 905 671 945 foeliciter.'
725 907 824 944 Tum
846 907 963 945 index
984 906 1316 945 emendationum.

313 991 365 999 —
394 970 659 1022 Epistolarum
679 970 788 1009 liber.
819 970 976 1022 Lipsiae,
994 973 1036 1010 4.

314 1035 418 1073 1483
447 1034 615 1072 Landini
636 1047 689 1072 11.
735 1031 888 1072 Ven‘eta
909 1047 961 1072 11.
1007 1026 1210 1080 Horatius,
1230 1034 1299 1072 fol.
1320 1033 1404 1072 sine
1423 1033 1540 1072 titulo
1570 1033 1707 1086 incipit

260 1098 310 1136 ab
330 1097 421 1136 Oda
440 1097 639 1142 Politiani,
658 1097 920 1148 convenitque
938 1110 1027 1136 cum
1055 1097 1188 1148 priori,
1205 1097 1281 1134 nisi
1308 1096 1420 1152 quod
1438 1108 1509 1147 pro
1528 1097 1707 1135 foliorum

256 1156 427 1200 numeris
476 1161 598 1199 habet
645 1161 923 1212 quaterniones
978 1161 1170 1212 signatos.
1238 1161 1283 1198 In
1318 1161 1418 1199 fine:
1467 1161 1707 1212 Impressum

259 1225 435 1264 Venetiis
471 1238 541 1276 per
581 1225 776 1263 Joannem
814 1224 864 1263 de
902 1224 1072 1263 Forlivio
1108 1230 1149 1263 et
1195 1223 1337 1263 socios.
1413 1224 1529 1263 Anno
1568 1225 1707 1264 salutis

262 1301 310 1327 Μ.
339 1301 457 1328 cccc.
489 1289 935 1340 maxim—Excipit
969 1296 1074 1327 certe
1113 1288 1152 1326 in
1190 1288 1266 1326 hac
1312 1287 1483 1326 editione
1522 1288 1707 1327 Politiani

258 1351 402 1399 Odam,
423 1360 463 1389 et
483 1351 648 1390 Laudini
666 1352 919 1403 Jprooemium,
949 1357 959 1373 ‘
983 1352 1118 1390 tabula
1139 1350 1429 1398 vocabulorum,
1449 1364 1539 1402 quae
1554 1352 1592 1390 in
1613 1364 1707 1390 nos·

259 1415 331 1455 tris
349 1415 638 1454 commentariis
669 1428 742 1454 suo
773 1415 908 1454 ordine
947 1415 1266 1466 interpretatione
1293 1415 1495 1462 invenies‚’
1523 1415 1592 1454 sed
1621 1415 1706 1455 sine

256 1479 403 1520 additis
421 1479 578 1531 paginis
603 1492 635 1518 s,
655 1479 785 1518 foliis:
815 1492 943 1530 neque
962 1480 1063 1517 enim
1084 1478 1180 1517 folia
1212 1479 1300 1517 libri
1318 1479 1489 1518 numeris
1517 1479 1706 1518 distincta

258 1551 366 1584 sunt.
422 1543 609 1595 Sequitur
635 1550 720 1583 tum
758 1544 879 1582 index
909 1542 1257 1582 emendationum:
1289 1542 1403 1582 ‘baec
1423 1550 1517 1582 sunt
1548 1557 1638 1595 quae
1664 1545 1706 1592 in

258 1607 395 1647 codice
433 1606 588 1645 Horatii
621 1620 766 1646 errore
785 1607 930 1646 librarii
966 1607 1156 1645 mendosa
1184 1606 1434 1646 emendanda
1469 1607 1707 1648 fuerant!—

257 1676 269 1695 ‘
291 1670 514 1718 Emendata
548 1670 588 1709 in
620 1671 910 1709 commentariis
942 1684 1033 1723 quae
1063 1670 1319 1709 invenies’—‘
1336 1670 1562 1722 Registrum
1589 1671 1705 1723 hujus

257 1734 414 1789 operis‚'
432 1748 512 1787 quo
531 1735 774 1787 singulorum
795 1735 1094 1786 quaternionum
1115 1734 1416 1786 duplicatorum,
1431 1735 1498 1787 qui
1525 1742 1618 1775 sunt
1636 1738 1704 1775 25.

258 1807 427 1852 quatuor
446 1799 571 1851 prima
589 1798 683 1838 folia
701 1799 822 1838 literis
852 1798 1051 1852 alphabeti
1083 1798 1242 1849 signata
1269 1803 1456 1837 notantur
1474 1811 1498 1837 a
1514 1810 1614 1838 voce
1633 1799 1706 1838 ini-

256 1864 356 1903 tiali.
411 1864 457 1901 In
477 1863 553 1901 fine
572 1863 753 1914 registri:
782 1866 793 1886 ‘
806 1862 1079 1914 Christophori
1093 1862 1260 1900 Landini
1281 1861 1492 1902 Florentiui
1510 1862 1548 1901 in
1569 1862 1705 1907 Quinti

258 1926 413 1966 Horatii
433 1926 564 1964 Flacci
584 1938 702 1976 opera
721 1925 853 1964 omnia
870 1925 1234 1976 interpretationum
1252 1925 1357 1963 finis.
1401 1926 1543 1964 Divino
1562 1928 1707 1966 auxilio

258 1991 365 2030 soelix
384 1989 448 2028 die
470 2001 589 2027 xvir.
619 1987 717 2027 Maii
739 2001 787 2028 Μ.
809 2000 926 2027 cccc.
943 1987 1178 2031 Lxxx1113’
1204 1995 1288 2026 tum
1306 1987 1399 2026 Vita
1411 1987 1546 2027 Poetae
1566 1989 1707 2028 aLan-

257 2054 353 2093 dino
373 2051 519 2103 scripta
553 2052 799 2102 praemittitur
832 2052 928 2103 ipsis
960 2051 1263 2090 commentariis.
1319 2051 1550 2103 Exemplum
1589 2053 1705 2105 hujus

258 2117 353 2158 edit.
372 2115 491 2155 estin
523 2115 625 2155 Bibl.
656 2115 865 2166 Gymnasii
893 2115 1051 2166 Bipont.
1082 2115 1195 2166 cujus
1227 2115 1376 2166 primus
1405 2127 1614 2168 possessor
1631 2118 1704 2156 du-

258 2182 401 2235 plicem
420 2180 482 2219 sui
501 2179 679 2218 notitiam
711 2179 836 2231 primo
854 2179 949 2217 folio
968 2178 1193 2231 inscripsit:
1226 2185 1237 2202 ‘
1249 2180 1368 2218 Anno
1387 2191 1412 2218 a
1429 2187 1525 2220 nato
1545 2181 1705 2222 Christo

262 2246 379 2285 1479.
399 2244 464 2283 die
499 2243 624 2296 prima
655 2243 802 2282 mensis
823 2243 1053 2282 Decembris
1093 2242 1260 2295 gradum
1298 2243 1625 2285 baccalaureatus
1663 2247 1703 2285 in

257 2310 406 2350 artibus
426 2309 466 2346 in
490 2307 739 2346 universitate
762 2307 991 2346 Coloniensi
1011 2307 1050 2345 in
1072 2307 1190 2346 bursa
1208 2307 1344 2346 licent.
1366 2315 1527 2359 regente
1545 2309 1706 2350 doctore

258 2374 451 2426 lamperto
487 2378 724 2421 consecutus
760 2373 871 2411 sum.'
924 2371 1050 2410 Dein:
1095 2375 1107 2393 ‘
1121 2371 1238 2409 Anno
1271 2371 1352 2410 Dni
1389 2384 1703 2414 ucechxxer.

260 2440 307 2478 In
325 2436 461 2489 vigilia
478 2436 661 2476 undecim
674 2435 838 2475 millium
856 2435 1050 2487 virginum
1079 2434 1244 2487 gradum
1263 2434 1478 2487 magisterii
1496 2436 1536 2474 in
1555 2437 1705 2477 artibus

256 2501 481 2541 liberalibus
509 2501 549 2539 in
583 2500 838 2540 universitate
873 2499 1202 2552 heydelbergensi
1239 2506 1477 2539 consecutus
1504 2513 1591 2540 sum
1631 2503 1705 2542 sub

258 2566 447 2616 magistro
466 2565 637 2604 hioanne
655 2565 758 2604 heim
771 2578 821 2603 ex
836 2564 1014 2603 winheim
1028 2576 1223 2603 sacrarum
1237 2563 1436 2603 literarum
1448 2564 1706 2604 baccalaureo

258 2634 299 2669 et
314 2641 385 2680 pro
403 2636 497 2668 tunc
518 2629 695 2681 ejusdem
714 2628 977 2668 universitatis
997 2628 1196 2667 facultatis
1219 2628 1365 2670 arcium
1385 2627 1567 2672 decanoss
1621 2628 1707 2668 No-

259 2704 348 2731 men
368 2704 573 2743 possessor
605 2693 814 2745 ipsehaud
843 2693 1037 2746 ascripsit,
1057 2692 1234 2743 quamvis
1253 2692 1336 2744 ipse
1372 2692 1494 2732 multa
1528 2692 1704 2733 alleverit

260 2755 311 2795 ad
331 2761 479 2794 textum
496 2755 785 2806 explicandum,
805 2757 1052 2813 iudicemque
1072 2756 1237 2798 auxerit·
