1858 3184
268 211 384 259 1:96⁰
674 221 934 255 Rucnnsus
971 220 1258 253 Em'rrouuu

268 335 425 365 carmen
442 335 532 364 cum
552 322 701 376 duplici
730 322 1012 363 commentario
1055 322 1265 374 diligenter
1296 320 1545 362 accuratione
1570 321 1722 363 Amen-

268 388 381 435 §iana
410 401 544 430 rursus
579 388 774 440 impressa
805 387 856 426 ad
884 388 1022 427 Nonas
1045 387 1247 438 Septemb.
1270 386 1439 432 Μυῖα)μ
1473 384 1538 425 Ad
1570 385 1718 425 enicem

270 453 376 499 Artis
395 454 502 504 poet.
532 452 640 492 ‘haec
674 465 808 495 rursus
842 451 880 490 in
914 451 1066 491 aedibus
1099 450 1356 490 Ascensianis
1375 450 1442 491 ubi
1474 463 1565 490 cum
1585 449 1726 489 ceteris

270 516 455 568 operibus
475 516 690 555 horatianis
707 516 984 555 venundantur
1003 517 1042 554 in
1064 516 1126 554 via
1157 515 1237 553 divi
1257 515 1424 555 Jacobi:
1452 522 1493 553 et
1512 514 1552 553 in
1572 513 1724 559 nedibus

270 580 438 619 Joannis
458 580 574 618 Parvi
595 592 641 619 ac
657 580 836 633 Dionysii
857 581 967 619 Roce
985 593 995 618 ι
1025 580 1135 618 finita
1154 580 1206 618 ad
1239 579 1384 619 Kalen.
1403 578 1552 618 Octobr.
1573 577 1725 618 unm!

268 644 353 682 Sub
371 643 489 682 finem
510 643 587 682 vol.
607 657 722 684 serm.
743 651 783 683 et
801 657 892 696 epp.
922 649 932 665 ‘
944 644 1141 695 Impressa
1155 650 1218 682 est
1232 656 1386 683 rursum
1405 642 1491 684 haec
1506 641 1726 683 Horatiana

269 707 401 760 poesis
440 707 689 748 accuratione
727 708 850 760 ipsius
880 707 1061 747 Ascensii
1098 707 1138 745 in
1173 707 1416 747 nobilissimo
1447 700 1726 759 parrhisiorum

270 771 499 824 gymnasi03
519 771 570 811 ad
584 772 773 817 Quintum
794 772 889 812 Idus
905 772 1049 812 Octob.
1066 773 1158 811 anni
1178 772 1295 824 hujus
1310 772 1459 811 Μυῖα]
1479 771 1511 810 F
1513 771 1567 811 ol.
1596 770 1725 810 Adest

269 834 310 873 in
333 834 437 874 Bibl.
455 836 603 888 Gymn.
620 837 707 888 Bip.

328 900 427 938 1511
461 899 666 948 Poemata,
686 901 726 939 in
747 900 888 953 quibus
905 901 1028 938 multa
1047 899 1266 952 nuperrime
1286 905 1463 939 correcta
1478 905 1585 946 sunt,
1605 904 1646 938 et
1664 898 1725 936 in-

268 961 492 1002 stitutiones
519 964 601 1003 suis
632 964 732 1003 locis
756 965 913 1018 positae,
945 963 1312 1004 commentariorum
1332 962 1624 1016 quodammodo
1638 962 1723 1002 vice

263 1026 504 1079 funguntur.
563 1027 820 1078 Undeviginti
848 1034 1061 1068 metrorum
1081 1025 1240 1079 genera,
1254 1034 1294 1067 et
1321 1041 1505 1079 quaenam
1521 1028 1615 1074 nint,
1636 1032 1678 1066 et
1704 1038 1727 1064 e

269 1091 414 1142 quibus
433 1096 618 1129 constent
635 1090 816 1143 pedibus,
835 1098 876 1130 et
894 1097 986 1130 ante
999 1091 1183 1130 volumen
1202 1091 1320 1130 simul
1340 1091 1548 1138 habentur,
1559 1095 1601 1128 et
1618 1091 1727 1131 intus

271 1153 310 1191 in
327 1153 525 1196 volumine
545 1154 626 1193 suis
656 1153 769 1193 locis.
826 1154 1116 1194 Annotationes
1136 1155 1339 1195 nonnullae
1358 1154 1400 1194 in
1417 1160 1505 1195 toto
1536 1166 1670 1206 opere,
1688 1154 1729 1192 in

269 1217 413 1268 quibus
442 1217 505 1257 vel
538 1217 685 1270 aliquid
717 1218 951 1258 mutandum
983 1218 1217 1266 ostenditur,
1247 1218 1311 1259 vel
1342 1231 1413 1261 cur
1439 1225 1633 1260 mutatum
1664 1218 1731 1266 sit,

271 1281 372 1319 ratio
402 1281 596 1321 redditur.
651 1282 727 1321 Die
749 1296 883 1322 xxm.
904 1283 1091 1322 Februar.
1113 1296 1145 1322 s.
1167 1283 1194 1322 l.
1215 1285 1254 1322 8.
1287 1286 1373 1334 (per
1393 1283 1489 1322 Sim.
1511 1282 1731 1335 Carpenta·

275 1344 387 1391 rium,
409 1345 613 1396 Lugduni;
643 1346 751 1397 quod
771 1353 853 1384 tum
867 1360 916 1385 ex
931 1346 1167 1385 currentium
1182 1346 1386 1386 literarum
1403 1345 1672 1393 similitudine,
1692 1352 1732 1385 et

270 1408 413 1449 eodem
432 1408 579 1461 insigni
599 1423 687 1448 cum
718 1410 794 1448 illis
829 1410 868 1448 in
888 1409 978 1449 edd.
1012 1410 1142 1449 Plauti
1163 1417 1202 1448 et
1235 1410 1402 1454 Quintil.
1432 1409 1627 1461 colligunt
1647 1410 1724 1448 Fa-

276 1473 420 1513 bricius
440 1479 480 1512 et
511 1473 637 1522 Jani.)
664 1474 832 1513 Textum
851 1473 974 1512 habet
1005 1473 1210 1522 Aldinum,
1240 1473 1312 1512 sed
1339 1487 1390 1513 ex
1422 1473 1594 1525 antiquis
1622 1472 1731 1512 libris

273 1538 560 1577 correctiorem.
607 1537 674 1577 Sic
695 1537 827 1577 Carm.
848 1551 882 1579 1.
900 1540 970 1578 25.
987 1544 1086 1578 extr.
1109 1537 1258 1577 editum
1277 1544 1340 1577 est
1357 1537 1509 1578 dedicet
1528 1538 1642 1578 Euro
1659 1549 1731 1589 pro

272 1601 383 1652 vulg.
399 1601 533 1640 Hebro
546 1614 560 1639 .-
588 1601 698 1653 quod
712 1614 850 1640 omnes
869 1601 986 1641 latuit
997 1614 1009 1646 ς
1039 1601 1146 1641 unde
1165 1602 1304 1642 raritas
1324 1602 1440 1655 hujus
1457 1601 1524 1642 ed.
1551 1607 1729 1654 apparet.

275 1664 449 1703 Proefixa
466 1665 583 1703 etiam
602 1672 664 1704 est
679 1666 792 1717 praef.
814 1665 922 1705 Aldi.

337 1730 439 1767 1512
469 1727 616 1781 Opera,
634 1741 725 1768 cum
747 1742 810 1768 1v.
830 1741 974 1769 comm.
1007 1730 1101 1770 Aer.
1122 1729 1270 1783 Porph.
1289 1729 1415 1775 Laud.
1447 1730 1583 1770 Mane.
1617 1728 1732 1780 impr·

272 1805 346 1844 -per
365 1792 514 1833 Ludov.
535 1792 586 1835 de
605 1793 799 1834 Bebulco.
857 1793 932 1834 Die
953 1807 1089 1836 xxu.
1119 1794 1305 1847 Augusti.
1323 1793 1491 1834 Mediol.
1510 1796 1550 1832 4.
1590 1793 1734 1833 Insunt

277 1869 435 1908 quoque
453 1858 587 1896 icones
608 1857 743 1898 ruder..
1643 1857 1646 1860 ’

329 1941 384 1948 —
412 1920 623 1972 Epistolar.
642 1921 732 1960 libr.
743 1920 830 1959 duo
843 1934 913 1973 per
933 1922 1082 1961 Melch.
1100 1922 1247 1961 Lotter.
1266 1935 1301 1961 s.
1323 1922 1350 1962 l.
1368 1922 1512 1973 (Lips.)
1529 1925 1571 1962 4.

331 2005 386 2011 -
414 1983 619 2034 Epistolae.
641 1983 749 2024 Edit.
766 1997 819 2023 11.
840 1997 903 2036 ap.
923 1985 1011 2025 Jac.
1035 1985 1206 2024 Tanner.
1229 1985 1336 2038 Lips.
1354 1986 1395 2027 4.

334 2068 389 2077 —-
416 2046 491 2085 Ars
512 2048 685 2098 poetica.
710 2048 754 2087 S.
772 2048 803 2087 l.
823 2049 864 2086 4.

337 2112 439 2150 1513
469 2111 676 2164 Epistolae.
698 2110 884 2150 Francos.
904 2114 945 2150 4.

335 2197 389 2204 -
415 2175 560 2227 Opera,
580 2175 686 2228 apud
704 2174 828 2215 Henr.
846 2175 1089 2228 Stephanum
1107 2178 1157 2227 (1.
1185 2176 1347 2216 Roberti
1363 2189 1396 2217 1.
1415 2176 1598 2229 patrem.)
1610 2177 1737 2217 Paris.

285 2241 445 2342 121514
472 2302 619 2356 Opera,
651 2317 743 2344 cum
771 2310 984 2345 comment.
1002 2305 1094 2344 Aer.
1113 2303 1259 2357 Porph.
1281 2305 1406 2346 Laud.
1438 2311 1479 2346 et
1509 2306 1644 2346 Mane.
1664 2317 1734 2357 per

284 2368 454 2420 August.
491 2367 540 2407 de
569 2368 713 2420 Zannis
733 2369 783 2433 de
803 2369 995 2410 Portesio.
1026 2384 1029 2386 ’
1053 2368 1128 2409 Die
1150 2382 1227 2410 xv.
1246 2383 1374 2412 mens.
1396 2370 1558 2412 Octobr.
1593 2370 1735 2411 Venet.

286 2432 355 2472 fol.

341 2520 393 2527 --
423 2497 536 2536 Liber
568 2498 835 2551 epistolarum,
868 2498 1044 2551 ejusdem
1065 2500 1115 2540 de
1134 2501 1231 2540 Arte
1261 2500 1430 2552 poetica.
1483 2499 1615 2540 Multa
1634 2511 1736 2552 prm-

288 2567 395 2601 terea
407 2561 475 2601 hic
508 2569 601 2601 sunt
632 2569 822 2609 correcta,
850 2563 913 2603 vel
945 2571 1097 2605 mutata
1126 2564 1178 2604 ad
1207 2564 1406 2620 exemplar
1437 2563 1544 2603 Aldi.
1598 2563 1737 2604 Lector

291 2636 391 2671 eme,
410 2626 513 2677 lege,
533 2634 573 2667 et
586 2627 801 2680 judicabis.
857 2628 917 2669 Ex
935 2628 1088 2669 aedibus
1110 2629 1320 2670 Schurerii.
1350 2630 1491 2671 Mense
1511 2628 1735 2671 Februario.

291 2688 334 2728 S.
348 2687 377 2727 l.
395 2689 594 2741 (Argent.)
612 2694 654 2732 4.
685 2692 784 2736 Filia
802 2692 899 2734 edit.
920 2693 1103 2746 Lugdun.
1128 2695 1246 2734 1511.

345 2774 400 2783 --
427 2752 553 2806 Epist.
570 2755 655 2795 libri
677 2769 729 2798 11.
744 2757 1015 2802 curaWesleri
1028 2772 1092 2813 ap,
1107 2758 1255 2800 Melch.
1284 2757 1496 2799 Lotterum.
1513 2756 1727 2810 Lyptzk.4.
