1858 3184
264 218 376 262 1806

264 322 368 363 guina
390 325 522 354 tantum
550 321 767 363 tegebantur.
811 322 963 353 Turneb.

264 381 389 404 xxvii.
416 374 470 403 22.
496 371 639 403 Torreat.
683 372 863 412 Campestre
877 371 964 402 nim-

263 420 359 461 libus]
382 421 498 453 Vestis
521 421 646 459 tenuis,
670 431 736 462 qua
745 421 907 462 juvenes,
931 422 964 452 iu

263 474 394 514 Campo
425 473 554 504 Martio
583 482 619 503 se
646 477 861 512 exercentes,
890 478 964 504 ute-

262 525 399 558 bantur.
445 525 557 566 Auris]
581 524 703 556 Ventis
716 523 891 565 hybernis.

302 580 346 608 19
370 577 434 608 Per·
463 576 602 607 brumam
633 574 766 616 Tiberis]
789 575 888 608 Quod
915 575 962 607 fa-

260 628 308 658 cit
331 626 460 657 natatio
496 625 531 656 in
555 624 669 657 Tiberi
697 634 759 665 per
795 626 960 667 hyemem.

261 675 347 709 Quis
380 675 471 706 enim
505 679 588 706 tuuc
626 675 786 706 nataret?
842 675 962 707 Sextili

259 725 378 767 mense]
401 724 501 759 Quod
528 723 614 756 facit
642 724 730 765 iguis
756 733 873 756 meuse
889 725 959 757 Au-

259 775 372 816 gusto.

300 829 343 858 20
370 826 457 858 Dum
481 826 555 857 licet
581 829 612 857 et
633 825 766 867 vultum]
791 825 879 857 Dum
905 835 960 857 res

258 876 400 917 integrae
426 881 519 918 sunt,
535 875 614 907 dum
638 885 701 916 per
727 868 958 907 valetudinem

257 934 298 956 ac
313 925 480 957 fortunam
507 926 603 957 licet.
646 926 694 956 Et
715 934 795 956 sane
817 925 850 955 in
868 926 959 966 sapi·

259 976 349 1008 entis
376 980 554 1017 potestate
574 979 716 1013 nonest
738 974 857 1016 quovis
881 975 958 1007 loco

257 1034 402 1066 corpore
417 1026 544 1066 valere,
561 1030 621 1056 aut
636 1025 807 1056 interdum
819 1025 958 1057 exilium

257 1075 361 1106 etiam
376 1076 520 1116 evitare,
542 1074 603 1106 sed
625 1075 654 1106 si
676 1075 843 1114 evenerit,
870 1075 957 1116 pati-

256 1129 355 1156 enter
377 1125 482 1157 ferre.
504 1125 593 1156 Torr.

299 1177 340 1205 21
365 1174 476 1205 Romoe
503 1172 662 1213 laudetur]
683 1172 817 1205 Suadet
833 1177 871 1204 ut
888 1173 959 1205 Ro-

255 1234 345 1256 mam
370 1224 516 1263 redeat3
540 1234 608 1265 qno
634 1222 789 1255 fortassis
807 1233 886 1255 eum
903 1233 957 1255 res

255 1269 454 1307 domesticae
479 1274 707 1306 revocabant:
733 1275 842 1305 multa
866 1274 955 1305 enim

255 1325 562 1366 numiguoramus,
577 1334 652 1366 quae
667 1324 709 1355 ad
726 1324 847 1356 Poetae
865 1334 954 1355 men-

254 1381 325 1408 tem
345 1376 498 1408 faciant:
522 1374 774 1416 legendumque
797 1375 953 1414 laudetur,

254 1436 321 1458 uon
337 1427 498 1466 laudatur,
514 1430 551 1457 ut
566 1425 701 1467 quidam
719 1425 848 1456 volunt.
883 1425 953 1456 Ne·

253 1487 321 1519 que
348 1476 530 1509 ‘laudan-e?
557 1487 598 1508 ea
626 1475 876 1518 significatione
898 1477 952 1509 hic

254 1527 399 1568 accipio,
413 1537 481 1568 qua
496 1527 586 1568 apud
603 1526 702 1567 Virg.
727 1527 737 1544 ‘
750 1527 888 1559 laudato
903 1527 952 1559 in·

253 1578 368 1618 gemin
395 1577 504 1610 ruraz’
528 1577 588 1609 sed
606 1587 684 1609 vera
701 1577 872 1609 sententia
887 1583 953 1618 est,

253 1633 292 1658 ut
313 1627 415 1659 rebus
431 1628 481 1659 ita
500 1627 692 1659 ferentibus
706 1629 743 1658 iu
766 1627 883 1659 urbem
901 1637 951 1659 re-

252 1677 345 1716 deat,
370 1681 475 1718 atque
495 1677 542 1708 ibi
565 1681 728 1718 quantum
745 1677 830 1708 velit
851 1677 951 1708 urbes

251 1726 327 1758 illas
352 1726 509 1758 laudibus
531 1725 667 1758 efferat.
710 1726 804 1766 Lego
833 1726 952 1768 etiam,

251 1781 291 1808 ut
316 1776 351 1807 in
382 1775 623 1817 antiquissimis
654 1776 872 1815 membranis,
891 1776 952 1808 Su-

250 1835 331 1864 mus,
344 1829 374 1856 et
399 1825 508 1863 Chius,
523 1828 554 1856 et
572 1825 714 1863 Rhodus,
739 1835 801 1866 per
821 1836 842 1857 u
859 1826 951 1858 Lati·

250 1884 370 1905 norum
387 1883 491 1905 more.
508 1874 649 1904 Tor-rent.
683 1874 793 1904 Romoe
807 1875 952 1905 laudetur

250 1923 377 1964 Samos]
409 1922 440 1954 A
458 1928 493 1954 te
510 1923 627 1954 Romae
642 1922 821 1953 habitante
837 1923 951 1953 laude—

250 1979 308 2005 tur
328 1974 448 2005 Samos
472 1972 606 2011 absens,
621 1973 688 2003 «Sec.
733 1972 800 2003 Sed
822 1972 856 2002 in
874 1972 950 2003 illas

250 2023 379 2055 insulas
395 2032 439 2054 ne
455 2021 693 2063 proficiscitor.

290 2075 332 2105 22
358 2073 405 2104 Tu
433 2071 658 2112 quamcunque]
680 2069 851 2111 Cruquius
875 2080 949 2102 cre-

250 2123 301 2154 dit
321 2123 410 2154 hunc
438 2130 570 2153 versum
591 2130 668 2152 cum
691 2121 849 2161 sequenti
873 2130 948 2152 esse

248 2173 517 2215 supposititium,
540 2172 698 2214 quoniam
721 2171 765 2202 de
782 2171 848 2202 loci
875 2176 949 2203 tau-

247 2223 436 2263 tummodo,
450 2231 517 2254 non
533 2222 635 2253 etiam
652 2221 815 2262 temporis
837 2227 947 2253 muta-

249 2273 343 2305 tione
371 2272 428 2304 hic
452 2275 595 2312 agatur:
621 2271 676 2302 vel
704 2270 784 2302 huic
807 2276 947 2312 postpo-

248 2324 393 2363 nendus,
410 2323 542 2362 Coelam,
565 2331 627 2353 non
652 2320 792 2352 animum
811 2324 947 2362 mutant,

246 2377 299 2416 ᾃτ.
322 2375 483 2406 Torrent.

290 2427 332 2456 23
355 2424 425 2456 Nec
448 2421 566 2463 dulcia]
586 2421 707 2454 Videri
729 2421 857 2462 poterit
885 2422 947 2454 Se-

247 2482 333 2504 neca
348 2478 503 2505 extrema
512 2473 670 2514 Epistola
685 2479 755 2503 xu-
800 2472 869 2503 Nec
879 2472 946 2503 dul-

247 2522 297 2552 cia
311 2522 433 2563 differ*
421 2534 455 2554 ιη
471 2523 601 2564 annum]
622 2523 744 2555 Statim
760 2527 871 2554 utere.

292 2574 334 2604 24
362 2572 487 2604 Vixisse
521 2573 668 2615 libenter]
701 2572 790 2606 Quia
819 2573 945 2615 ubique

247 2620 332 2652 licet
354 2620 440 2652 bene
458 2622 583 2654 vivere.

289 2673 333 2702 26
357 2670 429 2701 Nou
451 2672 533 2703 locus
553 2672 645 2712 effusi
667 2674 728 2715 late
743 2672 840 2704 maris
860 2672 946 2704 urbi-

248 2719 311 2760 ter]
354 2720 432 2752 Non
471 2722 565 2762 urbs,
595 2732 706 2764 neque
737 2728 812 2755 tota
842 2727 946 2764 terra,

249 2780 324 2812 quae
340 2779 401 2802 suo
425 2771 493 2803 situ
515 2777 550 2804 et
567 2771 707 2804 arbitrio
722 2774 823 2806 maris
840 2773 946 2806 undas

726 229 869 260 No‘rAE
903 229 1166 269 vante-aum
1203 229 1254 259 ΙΝ

1013 327 1122 362 arcet,
1149 322 1208 354 sed
1241 322 1312 354 sola
1346 320 1447 353 animi
1462 346 1466 349 .
1479 321 1710 364 tranquillitas

1013 373 1152 404 beatum
1168 372 1286 404 efficit.

1055 425 1095 454 27
1113 423 1243 462 Caelum,
1256 432 1317 454 uon
1329 420 1484 462 animum]
1498 421 1628 453 Versus
1636 430 1710 463 pro-

1013 473 1172 504 verbialis
1200 473 1368 505 adversus
1393 482 1465 512 eos,
1489 472 1548 514 qui
1572 472 1711 504 mutatis

1013 522 1151 555 sedibus
1187 523 1292 555 vitam
1323 532 1504 563 moresque
1533 521 1649 554 subito
1674 531 1712 554 se

1012 579 1202 605 mutaturos
1217 574 1374 606 credunt.
1418 573 1466 605 Et
1480 573 1659 613 eleganter
1674 572 1710 604 iu
1734 567 1740 572 '

1012 625 1275 656 Demosthenem
1298 624 1497 656 AEschiues:
1521 622 1711 663 Οὔγὰρτδν

1009 674 1138 716 τρόπον,
1149 675 1234 707 ἀλλὰ
1248 674 1305 707 τὸν
1316 674 1415 707 τόπον
1429 674 1523 714 μόνον
1532 673 1714 714 μετήλλαξ-

1009 737 1056 757 ας.
1092 723 1203 759 Quem
1217 727 1324 757 locum
1342 735 1418 757 cum
1436 724 1627 756 Horatiano
1643 725 1708 756 hoc

1010 785 1210 816 comparans
1245 776 1428 816 diligenter
1462 774 1631 816 expendit
1667 775 1710 807 P.

1009 825 1195 864 victorius,
1210 834 1318 858 xvur.
1345 827 1399 857 13.
1443 825 1520 857 Nee
1542 824 1707 861 dissimile

1009 875 1090 906 illud
1108 875 1247 908 Poetae:
1271 876 1281 894 ‘
1298 875 1429 907 Patriae
1455 874 1531 916 quis
1555 875 1648 914 exul,
1662 874 1709 907 Se

1011 935 1145 967 quoque
1158 925 1249 967 fugit
1260 925 1285 957 ?’
1310 926 1455 958 Torrent.
1503 925 1635 964 Coelum,
1647 934 1709 956 non

1008 977 1144 1008 animum
1159 979 1292 1017 mittant,
1307 975 1379 1017 aa]
1401 975 1511 1008 Clima
1536 974 1627 1015 coeli,
1642 984 1709 1006 nou

1008 1035 1118 1057 mores
1133 1031 1278 1063 mutant,
1289 1026 1360 1067 qui,
1370 1027 1438 1057 &c-

1050 1078 1093 1107 28
1114 1075 1251 1107 Strenua
1264 1085 1321 1107 noe
1343 1079 1466 1108 exercet
1487 1075 1620 1117 inertia]
1641 1075 1710 1108 Eo-

952 1138 955 1140 ·
1007 1126 1086 1158 dem
1122 1125 1223 1157 modo
1259 1123 1481 1167 ‘inquietam
1530 1124 1710 1156 inertiam'

1007 1175 1111 1214 dixit,
1136 1179 1171 1207 et
1186 1185 1342 1217 quaenam
1365 1176 1422 1207 iila
1445 1180 1538 1208 esset
1556 1173 1710 1208 ostendit

1006 1225 1140 1256 Seneca
1168 1225 1212 1257 de
1235 1224 1499 1266 Tranquillitate
1523 1224 1613 1267 vit-a
1629 1234 1708 1266 cap.

1008 1279 1060 1307 12.
1083 1286 1150 1317 qua
1166 1285 1291 1316 nempe
1314 1276 1473 1308 laborant
1488 1286 1618 1316 omnes,
1633 1277 1707 1318 qui-

1006 1326 1069 1357 bus
1092 1335 1204 1367 neque
1227 1326 1301 1364 otii,
1326 1335 1437 1367 neque
1458 1326 1592 1366 negotii
1616 1327 1707 1358 ratio

1006 1381 1154 1407 constat.
1202 1376 1320 1417 anue
1334 1375 1378 1407 de
1400 1385 1437 1407 re
1452 1381 1572 1408 extant
1588 1385 1707 1408 versus

1006 1426 1136 1467 aliquot
1151 1426 1298 1458 Enniani
1326 1431 1496 1467 perpetua
1515 1425 1610 1467 digni
1635 1435 1707 1457 me-

1004 1477 1112 1508 moria
1139 1477 1229 1517 apud
1258 1476 1406 1508 Gellium
1422 1485 1502 1508 xix.
1527 1479 1579 1508 1⁰.
1601 1476 1707 1509 ‘otio

1005 1527 1062 1567 qni
1099 1527 1210 1559 nescit
1245 1526 1296 1558 uti
1334 1527 1410 1567 plus
1442 1526 1571 1572 negotii
1601 1526 1708 1559 habet

1005 1577 1115 1610 Quam
1133 1587 1210 1608 cum
1225 1582 1278 1609 est
1293 1577 1468 1618 negotium
1485 1577 1519 1608 iu
1541 1576 1706 1618 negotio!

1007 1627 1097 1658 Torr.
1142 1627 1279 1658 Strenua
1307 1626 1379 1667 nos]
1411 1627 1604 1659 Vehemens
1625 1627 1708 1659 stul·

1005 1678 1092 1710 titia.
1137 1678 1282 1711 Navibus
1303 1682 1398 1720 atque
1409 1677 1601 1719 Quadi-igis]
1625 1677 1704 1710 Hoc

1004 1730 1071 1766 est,
1101 1737 1230 1759 summa
1259 1727 1477 1760 festinatione
1507 1736 1705 1769 summoque

1005 1775 1132 1817 studio,
1155 1777 1184 1808 si
1207 1776 1288 1818 quid
1315 1777 1350 1808 iu
1383 1777 1496 1818 patria
1521 1785 1615 1818 aegre
1637 1782 1704 1816 est,

1005 1825 1072 1857 alio
1088 1826 1270 1867 migramus
1285 1831 1323 1858 et
1333 1825 1496 1867 fugimus,
1511 1826 1607 1868 qnasi
1617 1825 1705 1858 bene

1003 1875 1052 1906 ibi
1069 1876 1206 1915 victuri,
1219 1877 1279 1907 sed
1292 1886 1360 1908 non
1373 1875 1521 1918 fugimus
1532 1876 1706 1918 nosipsos,

1003 1924 1066 1956 hoc
1099 1928 1164 1962 est,
1186 1923 1331 1956 effectus
1354 1925 1456 1956 auimi
1477 1924 1704 1965 cupiditates-

1003 1983 1080 2013 que.
1118 1975 1217 2013 cruq.
1281 1973 1398 2006 Simile
1428 1973 1511 2011 illud
1542 1974 1703 2007 Juvenal.

1000 2023 1072 2055 Sat.
1086 2031 1122 2054 x.
1167 2022 1348 2064 ‘Undique
1367 2022 1411 2054 ad
1434 2023 1512 2055 illos
1536 2023 1704 2056 Conveni-

1002 2079 1065 2105 unt
1080 2079 1117 2105 et
1139 2073 1311 2114 carpentis
1336 2078 1372 2105 et
1395 2073 1538 2105 navibus
1560 2072 1704 2105 omues?

1000 2123 1101 2155 Adde
1114 2123 1203 2165 quod
1219 2123 1229 2140 ‘
1242 2123 1337 2166 equis
1353 2121 1523 2165 virisque’
1539 2122 1702 2156 dicebaut

1001 2178 1146 2205 veteres.
1170 2174 1262 2206 Torr.
1322 2172 1465 2205 Navibus
1492 2175 1586 2214 atque
1614 2173 1703 2210 Qua-

999 2223 1119 2264 drigis]
1140 2225 1247 2256 Terra
1262 2225 1428 2265 marique.
1701 2243 1705 2257 ς

1053 2278 1096 2306 29
1131 2274 1321 2314 Quadi-igis]
1358 2273 1476 2315 Equis.
1527 2243 1619 2310 Quod
1646 2284 1698 2315 pe—

999 2324 1056 2365 tis]
1082 2325 1179 2356 Beue
1201 2325 1371 2366 beateque
1386 2324 1515 2364 vivere,
1530 2323 1635 2359 domi
1645 2327 1699 2355 est

998 2375 1121 2416 patria.

1040 2427 1082 2456 30
1105 2425 1166 2456 Est
1186 2423 1333 2464 Ulubris]
1356 2421 1490 2455 Alludit
1511 2431 1553 2454 eo
1573 2422 1697 2457 Cicero

997 2483 1064 2505 nou
1080 2473 1186 2505 semel
1208 2473 1250 2504 ad
1265 2472 1474 2512 Trebatium,
1485 2477 1523 2504 et
1535 2472 1698 2506 Juvenal.

996 2525 1068 2558 Sat.
1084 2533 1119 2556 x.
1140 2526 1150 2541 ⁸
1166 2524 1258 2555 Vasa
1279 2523 1408 2555 minora
1427 2523 1597 2564 Frangere
1614 2532 1702 2564 pau-,

995 2584 1095 2606 uosus
1106 2573 1222 2605 vacuis
1235 2572 1345 2605 aedilis
1362 2572 1524 2605 Ulubris!
1566 2572 1695 2605 Incola

994 2622 1206 2655 ‘Ulubra'ui'
1250 2626 1287 2653 et
1315 2620 1577 2654 ‘Ulubrenses.'
1617 2621 1694 2652 Tor—

994 2677 1077 2706 rent-
1123 2674 1183 2704 Est
1222 2671 1369 2713 Ulubris]
1403 2672 1466 2703 Est
1488 2670 1621 2713 Tquovis
1657 2670 1694 2702 in

995 2725 1082 2762 loco,
1097 2723 1201 2755 etiam
1229 2722 1386 2762 obscuro,
1410 2725 1448 2753 ut
1462 2719 1602 2753 Ulubris
1616 2720 1692 2752 vico

995 2774 1132 2806 deserto
1161 2773 1194 2804 iu
1219 2773 1416 2813 Campania.
1465 2771 1618 2813 AEquum]
1643 2769 1697 2802 A-.
