1858 3184
231 181 344 225 1910

276 288 340 318 319
363 285 524 316 Interdum
543 283 780 325 speciosujocis]
805 283 929 323 Specio-

234 348 282 380 sa,
307 336 443 368 festiva·
487 334 631 376 Saepius,
654 334 777 376 inquit,
798 334 931 366 contin-

234 389 298 430 git,
312 391 351 419 ut
366 387 441 428 quis
457 395 524 417 nou
545 385 731 426 magnificis
756 385 858 416 rebus
882 385 930 415 in-

188 469 191 471 .
235 441 386 470 structus
424 435 584 477 populum
624 435 777 467 oblectet
813 434 932 475 magis,

236 496 336 530 quam
362 486 420 528 qui
444 485 547 517 docte
569 485 684 517 omnia
703 485 848 526 peragit.
884 485 932 516 A-

238 546 321 570 cron
350 541 387 568 et
412 535 603 576 Porpliyrio
631 535 704 567 locis
726 536 844 577 legunt
871 545 933 576 pro

230 586 325 625 jocis.
351 586 518 618 Nunnius.
559 585 813 627 Speciosoejocis]
838 587 934 618 Lam-

240 638 340 669 binus
354 635 518 676 ostendit,
532 637 644 677 potius
659 636 840 676 legendum
862 645 935 668 esse

240 687 326 720 locis.
371 686 618 727 Intelliguntur
645 691 759 718 antem
783 686 851 718 loci
878 686 936 728 qui

241 740 406 770 vocantur
420 737 431 754 ‘
447 736 668 777 communes‚’
681 736 715 768 id
727 741 790 772 est,
800 742 936 768 senten-

240 787 301 819 tiae
317 796 357 818 ac
372 785 619 827 disputationes
643 786 685 817 de
710 786 812 818 rebus
829 787 936 828 gravi-

241 838 318 878 bus,
331 841 368 868 et
382 836 425 868 ad
442 837 547 868 vitam
573 836 661 868 bene
684 837 852 877 beateque
877 837 937 868 de-

242 887 387 929 gendam
414 886 682 928 pertinentibus:
718 892 756 919 ut
785 887 829 919 de
862 887 939 919 reli-

243 939 356 980 gione,
374 937 418 969 de
433 938 578 969 caritate
593 938 727 979 patriae,
743 940 808 970 &c.
832 938 939 970 Pisca-

243 992 306 1022 tor.
349 987 459 1028 Locis]
484 988 583 1020 Locis
594 988 827 1020 communibus
841 998 941 1020 orna-

244 1044 296 1079 ta,
317 1040 383 1078 vel,
396 1043 436 1070 ut
450 1038 507 1070 alii
531 1039 664 1079 legunt,
684 1038 775 1079 jocis
799 1037 940 1070 referta.

245 1089 431 1128 Mon-utaque
441 1087 540 1128 reete]
561 1087 604 1118 Iu
618 1097 685 1129 qua
702 1097 813 1119 mores
828 1096 943 1129 perso·

245 1147 364 1170 narum
380 1137 465 1168 scite
478 1136 727 1176 exprimuntur.

290 1189 354 1219 320
379 1186 506 1218 Nullius
520 1185 662 1226 Veneris]
677 1187 801 1218 Parvae
810 1187 946 1228 elegan-

248 1237 319 1269 tiae.
354 1235 397 1267 Id
414 1239 480 1275 est,
499 1235 630 1267 etiamsi
652 1236 787 1268 minime
803 1241 948 1269 venusta

248 1287 295 1318 sit
310 1286 432 1318 verbis.
456 1286 613 1318 Nunnius.
658 1287 786 1318 Nullius
804 1287 949 1327 Veneris]

249 1335 386 1369 Nullius
402 1335 594 1374 elegantiae.
638 1335 714 1367 Sine
726 1336 875 1377 pondere]
897 1336 950 1368 Si-

250 1394 295 1417 ne
310 1383 488 1416 verborum
505 1383 685 1424 gravitate.

294 1436 357 1466 821
386 1432 531 1473 Valdius]
565 1433 823 1465 Vehementius.
861 1433 950 1465 Con-

252 1485 424 1517 tractione
446 1483 593 1525 poetica.
614 1484 773 1516 Nunnius.
822 1484 953 1516 Valdius

253 1535 385 1567 oblectat
410 1533 572 1574 populum]
607 1533 775 1566 validius.
819 1533 950 1565 Melius·

253 1585 328 1627 que]
344 1584 457 1624 Magis
473 1583 639 1615 delectat.

298 1637 363 1666 322
385 1634 496 1673 Inopes
506 1632 624 1674 rerum]
632 1634 884 1666 Sententiarum
896 1644 955 1666 ex-

256 1689 386 1726 pertes.
430 1684 596 1724 Nugoeque
607 1685 746 1726 canor-ce]
770 1685 897 1716 Versus
908 1685 957 1716 le-

257 1744 328 1774 ves,
344 1733 402 1775 qui
417 1737 497 1765 sunt
518 1732 601 1764 nihil
616 1732 708 1765 aliud
731 1743 832 1775 quam
847 1734 958 1766 inanis

258 1782 550 1825 perstrepentium
566 1792 687 1815 vocum
707 1784 894 1824 congeries.

301 1836 364 1864 323
391 1832 502 1864 Graiis
530 1832 703 1873 ingenium]
738 1833 807 1865 Hic
843 1832 960 1865 laudat

260 1884 404 1917 Graecos
432 1887 575 1922 propter
608 1883 781 1923 singulare
810 1883 958 1914 studium

261 1932 418 1974 poeseos,
431 1935 468 1963 et
493 1935 615 1962 contra
641 1932 814 1972 vituperat
839 1932 960 1962 Roma-

262 1992 338 2022 nos,
375 1981 433 2023 qui
469 1991 545 2013 suos
575 1990 698 2022 pueros
727 1980 960 2013 tantummodo

263 2035 448 2064 exerceant
471 2031 506 2062 iu
521 2030 777 2062 Arithmeticis:
801 2040 868 2071 quo
890 2029 962 2071 fiat,

262 2086 302 2114 ut
327 2081 412 2114 nihil
434 2080 691 2113 immortalitate
715 2080 854 2121 dignum
877 2080 960 2112 scri-

262 2133 358 2165 bant.
395 2131 487 2164 Hinc
503 2135 615 2163 autem
625 2130 740 2171 colligi
749 2134 865 2171 potest
879 2139 963 2171 prae-

264 2189 404 2225 ceptum
420 2191 523 2216 xxn'.
539 2187 578 2214 ut
591 2181 702 2214 Poeta
719 2181 866 2223 futurus,
887 2192 962 2214 sese

265 2243 405 2275 apuero
427 2234 462 2265 in
488 2232 638 2264 carmine
663 2231 844 2264 scribendo
867 2241 963 2264 exer-

267 2287 358 2323 ceat,
393 2288 430 2315 et
463 2282 597 2314 laudem
633 2285 776 2322 expetat
804 2281 965 2323 praeclari

268 2333 400 2366 Poetae.
423 2331 510 2364 Piso.
548 2331 843 2373 Gratim-genium]
867 2332 964 2363 Sum-

269 2394 343 2416 mus
368 2382 495 2415 artifex
519 2391 655 2424 semper
676 2381 719 2413 ad
739 2381 881 2414 Graecos
904 2391 966 2414 nos

270 2434 433 2473 remittit3
468 2436 546 2465 sunt
570 2433 661 2465 euim
684 2431 835 2468 artifices
859 2432 967 2463 omnis

272 2484 489 2526 eloquentiae.
525 2482 684 2515 Nunnius.
743 2482 854 2514 Graiis
879 2482 968 2522 inge-

271 2534 373 2575 nium]
412 2533 527 2565 Graeci
556 2532 786 2574 eloquentiam
812 2541 887 2564 cum
914 2542 968 2564 sa-

274 2583 404 2623 pientia
427 2584 688 2624 conjunxerunt.
733 2582 798 2613 Ore
823 2582 969 2623 rotundo]

274 2633 451 2673 Perfecto,
491 2633 660 2666 absoluto.
703 2632 861 2665 Nunnius.
907 2633 972 2665 Ore

275 2683 419 2722 rotundo]
444 2683 602 2714 Rotunde
618 2688 654 2714 et
669 2682 859 2723 eleganter.

319 2735 383 2764 324
406 2732 533 2763 Nullius
554 2732 674 2773 avaris]
699 2732 834 2765 Nullius
850 2732 900 2765 rei
917 2742 974 2766 cu-

667 188 834 221 vNOTAE
866 189 1130 220 VARIORUM
1165 188 1217 219 ΙΝ

979 283 1079 324 pidis.

1021 336 1083 366 325
1109 332 1241 365 Romani
1262 332 1367 373 pueri]
1389 332 1523 364 Iudicat
1547 332 1671 366 Roma-

980 393 1040 415 nos
1056 394 1179 425 pueros
1196 383 1238 414 ab
1255 383 1335 423 ipsis
1358 383 1552 424 parentibus
1567 384 1675 416 anri-

981 434 1038 465 tiae
1055 433 1168 465 studio
1188 433 1303 464 imbui.
1346 433 1492 465 Discunt
1508 432 1678 464 Arithme·

982 483 1096 522 ticam,
1112 492 1263 514 nummos
1279 482 1314 513 in
1330 487 1446 524 partes
1462 481 1628 522 dividere,
1643 486 1680 514 et

982 533 1163 565 summulas
1186 532 1368 565 deducere.
1404 533 1561 565 Nunnius.
1613 533 1695 564 Ro:

983 584 1068 615 muni
1088 583 1192 624 pueri]
1227 582 1371 615 Romani
1401 582 1501 623 puori
1522 582 1638 614 statim
1659 591 1681 613 a

985 634 1133 674 pueritia
1145 633 1282 664 discunt
1297 635 1389 663 artes
1402 632 1445 663 ad
1462 641 1533 664 rem
1557 639 1683 672 augen-

985 684 1076 724 dam,
1104 684 1219 716 Graeci
1248 692 1315 714 non
1342 683 1436 714 item.
1481 681 1616 722 Longis]
1638 681 1682 713 Id

986 738 1053 773 est,
1063 733 1232 774 implexis.
1255 733 1412 765 Nunnius.
1455 732 1578 772 Longis
1587 731 1684 763 muo-

985 783 1077 816 nibus
1093 783 1208 824 assem]
1230 782 1411 823 Addendo,
1423 781 1621 818 dividendo,
1634 781 1685 812 oi-

986 833 1181 873 minuendo,
1196 831 1466 873 multiplicando,
1485 831 1684 863 subtrahen-

988 884 1045 925 do,
1078 893 1153 926 qnae
1186 887 1301 924 partes
1330 886 1410 914 sunt
1437 881 1688 915 Arithmeticae.

987 936 1114 977 Auem]
1133 934 1171 967 Id
1185 938 1249 971 est,
1261 933 1442 966 duodecim
1454 933 1581 966 uncias.
1603 932 1689 965 Om-

989 986 1041 1017 nis
1063 985 1183 1016 divisio
1201 984 1377 1026 peragitur
1397 983 1590 1016 nominibus
1612 991 1690 1025 par-

989 1035 1075 1067 tium
1082 1028 1277 1075 Ausis'apud
1286 1033 1490 1075 Scriptores.
1507 1034 1589 1065 Sive
1598 1032 1689 1065 enim

992 1088 1140 1125 tempus,
1155 1084 1228 1114 sive
1240 1092 1354 1124 agros,
1367 1083 1439 1114 sive
1450 1091 1506 1114 res
1525 1091 1588 1124 per
1611 1091 1690 1124 par-

992 1138 1047 1165 tes
1069 1132 1270 1164 dividendas
1292 1132 1499 1173 partiantur,
1516 1132 1692 1174 explicant

994 1183 1188 1215 nominibus
1204 1182 1342 1215 assium.
1364 1182 1523 1214 Nunnius.

1037 1236 1101 1265 326
1123 1233 1165 1264 Iu
1184 1231 1308 1274 partes]
1329 1232 1373 1264 In
1395 1236 1511 1274 partes
1533 1232 1695 1274 plurimas

997 1288 1034 1317 et
1049 1283 1294 1315 minutissimas
1308 1281 1473 1313 dividere.

1039 1336 1102 1365 327
1124 1333 1253 1371 Albani,
1266 1332 1294 1363 si
1308 1331 1362 1372 de]
1385 1330 1613 1363 Foeneratoris
1635 1341 1695 1363 cu-

992 1383 1141 1425 jusdam.
1194 1382 1373 1418 Quint-unce
1399 1384 1517 1413 renutu
1538 1381 1601 1422 est]
1638 1382 1696 1414 De

999 1433 1146 1475 quinque
1161 1433 1286 1464 unciis.

1042 1486 1106 1515 328
1130 1483 1253 1524 Triem,
1280 1483 1349 1524 δῖα]
1384 1482 1541 1516 Quattuor
1573 1482 1695 1515 unciae.

1000 1534 1065 1570 Eu,
1090 1533 1159 1574 &fc-J
1193 1533 1302 1565 Bene.
1326 1532 1442 1565 Verba
1471 1536 1551 1564 sunt
1578 1533 1697 1574 patris,

1002 1584 1057 1615 vel
1073 1583 1190 1625 populi
1214 1591 1411 1624 responsum
1433 1582 1531 1624 pueri
1552 1581 1700 1623 proban-

1002 1633 1060 1664 tis.

1045 1684 1110 1714 329
1133 1681 1346 1722 Renpotniae
1364 1691 1490 1714 servare
1503 1681 1605 1723 tuan]
1624 1681 1701 1714 Iro-

1005 1731 1102 1764 nicei'os
1116 1731 1191 1763 lioec
1207 1731 1303 1764 dicit.
1323 1731 1482 1763 Nan-im.
1526 1731 1626 1764 Radit
1642 1741 1702 1764 ux·

1005 1782 1070 1823 cia]
1094 1780 1287 1816 Quincunci
1302 1780 1440 1813 additur
1454 1780 1566 1813 uncia.

1050 1836 1114 1867 3³0
1135 1832 1252 1873 Seruis]
1272 1831 1424 1865 Dimidia
1445 1841 1523 1874 pars
1545 1832 1656 1873 libne,
1668 1831 1706 1864 id

1007 1888 1072 1924 eat,
1085 1893 1145 1915 sex
1161 1883 1282 1915 unciae.
1325 1883 1380 1915 Aa
1399 1883 1480 1924 haec]
1508 1881 1707 1924 negendam

1007 1937 1053 1969 ut,
1079 1932 1278 1973 conjunctio
1307 1932 1535 1970 adversativa,
1562 1941 1630 1962 non
1654 1933 1707 1963 ud.

1009 1984 1112 2015 Nunc
1123 1982 1285 2014 Horatius
1291 1981 1433 2022 apponit
1441 1990 1535 2012 suam
1543 1979 1707 2022 ἐπίκρισιν,

1010 2043 1076 2074 qua
1090 2031 1326 2064 educationem
1339 2031 1431 2063 illam
1447 2040 1628 2072 puerorum
1646 2032 1708 2064 in-

1011 2082 1156 2124 probat:
1180 2081 1308 2123 quippe
1323 2090 1390 2122 qua.
1411 2081 1641 2122 impediantur
1654 2082 1708 2113 illi

1010 2142 1053 2165 ne
1077 2141 1224 2173 unquam
1246 2131 1380 2172 possint
1401 2130 1570 2163 laudabile
1585 2131 1710 2172 poiima

1011 2181 1171 2214 scribere.
1213 2179 1351 2221 AErugo]
1374 2180 1417 2212 Id
1433 2185 1500 2219 est,
1512 2181 1576 2213 hoc
1591 2181 1710 2214 immo-

1011 2230 1124 2262 dicum
1146 2229 1233 2262 lucri
1247 2229 1409 2271 studium,
1431 2239 1500 2272 quo
1510 2230 1613 2262 animi
1628 2240 1711 2272 pue-

1012 2290 1125 2313 rorum
1145 2285 1307 2322 tanquam
1322 2280 1475 2321 azrugine
1489 2290 1713 2322 corrumpun-

1013 2336 1070 2363 tur
1084 2341 1123 2364 ac
1142 2331 1322 2363 vitiantur.
1344 2331 1500 2363 Piscator.
1543 2332 1666 2372 AErago
1680 2336 1712 2363 et

1014 2392 1088 2414 curu
1107 2380 1225 2423 pecua]
1256 2382 1379 2421 AErugo
1403 2381 1522 2414 vitium
1552 2382 1645 2422 aeris,
1674 2387 1713 2414 ut

1017 2437 1026 2451 ‘
1040 2432 1180 2473 ferrugo
1190 2431 1198 2444 ¹
1213 2430 1309 2463 ferri.
1331 2431 1401 2464 Sed
1413 2432 1621 2472 promiscuus
1633 2441 1713 2464 usus

1017 2482 1109 2524 apud
1139 2485 1308 2514 auctores.
1348 2481 1358 2499 ⁶
1376 2481 1573 2513 Peculium’
1599 2486 1715 2514 auten

1019 2542 1081 2574 pro
1110 2532 1230 2574 quavis
1265 2532 1412 2572 pecunia
1438 2530 1495 2562 hic
1524 2530 1714 2572 accipitur:

1020 2582 1146 2624 alioqui
1177 2581 1396 2622 ‘peculium’
1432 2581 1549 2614 rustici
1579 2586 1718 2622 vocant,

1021 2632 1110 2675 quod
1127 2636 1226 2664 extra
1241 2631 1406 2672 reliquam
1426 2631 1603 2672 pecuniam
1618 2640 1718 2672 sepo-

1022 2686 1175 2714 suerunt.
1205 2681 1351 2713 Tui-neb.
1380 2689 1464 2714 xm.
1487 2683 1520 2711 9.
1557 2681 1716 2712 Nunnius.

1022 2734 1155 2774 AErugo,
1176 2730 1246 2773 εμπ]
1283 2730 1448 2772 Avaritia,
1468 2740 1536 2772 qua
1553 2729 1716 2771 praelata
