1858 3184
305 231 419 280 1954
730 240 988 278 ancssusus
1034 244 1320 277 annuos-um

359 348 466 388 1539
498 340 630 400 Opera
658 346 803 394 omnia,
835 358 925 385 cum
959 346 1061 385 notis
1082 346 1212 387 Nicol.
1232 344 1395 394 Perotti,
1426 357 1495 397 per
1522 345 1621 386 Sim.
1633 345 1746 387 -Coli'-

300 424 449 452 naeum.
470 411 596 451 Paris.
618 413 656 450 8.

357 499 410 506 —
438 475 583 527 Opera,
602 487 670 526 per
703 474 864 514 Robert.
897 473 1154 525 Stephanum.
1177 473 1302 513 Paris.
1322 475 1360 511 8.
1392 473 1599 512 ,luminum
1618 486 1750 513 exem-

303 539 411 592 plum
430 539 606 578 imitatus
626 551 714 577 esse
731 538 897 577 videtur.
1719 571 1725 577 ,

356 625 410 632 --
436 602 623 642 Glareani
662 608 856 641 annotatt.
895 601 935 640 in
984 602 1036 646 Q.
1075 600 1284 639 Horatium
1325 599 1526 640 Flaccum.
1565 599 1744 652 Fribnrg.

304 665 432 717 Brisg.
453 668 492 706 8.

354 751 408 759 -—
433 728 576 768 Jodoci
595 728 782 768 Winichii
814 737 1025 769 comment.
1045 729 1085 768 in
1103 729 1238 768 Artem
1256 727 1451 781 poeticam
1480 727 1647 767 Horatii.
1673 728 1747 766 Ar-

300 801 407 844 gent.
427 794 467 833 8.

349 879 405 886 ·-——
431 856 546 897 Paul.
585 856 829 896 Hofheimeri
865 856 1092 896 Harmoniae
1129 856 1311 908 po'eticae,
1344 855 1427 895 sive
1460 855 1614 894 Horatii
1646 854 1743 894 alio-

294 933 461 972 rumque
478 921 688 960 Poetarnm
707 920 825 967 0dae,
844 920 1003 960 musicis
1018 920 1151 959 metris
1170 933 1379 973 expressoe.
1400 919 1575 960 Norimb.
1596 921 1636 959 8.

357 986 458 1023 1540
487 984 678 1023 Poiimata
695 985 841 1032 omnia,
858 998 946 1023 cum
982 985 1155 1036 quinque
1175 984 1545 1037 commentantibus,
1565 983 1744 1023 Mancin-

297 1051 467 1094 Acrone,
486 1046 680 1100 Porphyr.
697 1048 764 1087 Jo.
782 1048 1025 1095 Britannice,
1056 1060 1131 1086 nec
1162 1061 1243 1086 non
1262 1048 1471 1095 Ascensio,
1491 1047 1582 1086 viris
1611 1046 1742 1086 erudi-

297 1111 474 1150 tissimis.
530 1111 815 1149 Centimetrum
853 1111 969 1149 Marii
1007 1110 1144 1150 Servii.
1199 1111 1488 1149 Annotationes
1523 1109 1615 1148 Akdi
1653 1111 1745 1149 Ma-

296 1174 410 1222 nutii,
430 1174 546 1214 Rom.
577 1174 696 1213 Ratio
730 1186 951 1220 mensuum,
971 1173 1114 1226 quibus
1146 1173 1250 1213 Odoe
1281 1173 1421 1213 eodem
1440 1172 1545 1212 Aldo
1582 1179 1742 1212 auctore

294 1244 493 1277 tenentur.
523 1237 614 1278 Nic.
635 1237 784 1277 Perotti
816 1237 972 1277 libellus
994 1238 1043 1277 de
1075 1239 1211 1278 metris
1233 1238 1425 1277 Odarum.
1453 1237 1742 1277 Annotationes

296 1301 478 1339 Matthaei
497 1301 687 1348 Bonfinis,
707 1301 911 1349 Asculani,
947 1302 1028 1340 suis
1058 1303 1156 1341 locis
1189 1302 1361 1348 insertae,
1393 1308 1435 1340 et
1463 1301 1514 1339 ad
1544 1302 1661 1339 finem
1692 1314 1741 1340 ex

293 1364 449 1416 integro
487 1364 694 1403 restitutae.
751 1364 876 1402 Index
914 1365 1208 1417 copiosissimus
1242 1365 1415 1403 omnium
1445 1364 1740 1410 vocabulorum,

292 1441 383 1480 quoe
403 1428 443 1466 in
462 1435 546 1466 toto
564 1441 681 1480 opere
709 1427 1046 1467 animadversione
1074 1428 1198 1480 digna
1216 1428 1302 1467 visa
1319 1434 1439 1466 sunt:
1468 1440 1539 1480 per
1555 1427 1742 1467 Venturi-

291 1504 384 1530 num
406 1491 657 1530 Rofineuum.
679 1491 818 1530 Mense
841 1491 998 1546 Martio.
1015 1493 1156 1532 Venet.
1175 1491 1244 1531 fol.

344 1578 399 1584 —
424 1555 574 1596 Anton.
590 1554 779 1607 Thylesii,
799 1555 991 1596 Consent.
1011 1556 1050 1594 in
1072 1556 1182 1595 Odas
1203 1555 1393 1608 auspicia,
1412 1554 1464 1594 ad
1492 1555 1737 1608 juventutem

292 1617 527 1659 Romanam.
545 1619 588 1658 S.
608 1619 637 1658 l.
654 1621 697 1659 4.

344 1704 399 1712 -—
425 1681 539 1721 Liber
557 1682 607 1721 de
625 1683 721 1721 Arte
739 1682 908 1734 poetica.
937 1684 997 1723 Ex
1024 1684 1130 1724 offic.
1151 1683 1275 1723 Mich.
1295 1682 1529 1723 Vascosani.
1548 1683 1675 1722 Paris.
1695 1685 1735 1721 4.

343 1768 397 1776 -
426 1745 616 1786 Poiimata
634 1746 780 1794 omnia,
808 1745 1048 1787 doctissimis
1068 1747 1238 1788 Scholiis
1257 1746 1466 1794 illustrata,
1496 1760 1567 1800 per
1585 1750 1736 1787 Anton.

289 1810 461 1850 Dumoei.
481 1811 602 1850 Antv.
622 1813 662 1851 8.
1669 1827 1675 1831 ·

341 1896 395 1902 —
423 1874 548 1925 Epist.
569 1875 652 1914 Sat.
671 1881 712 1913 et
730 1878 805 1915 Ars
825 1877 930 1928 poet.
950 1888 1040 1914 cum
1061 1876 1269 1914 Annotatt.
1289 1874 1409 1914 Antv.
1430 1875 1468 1914 8.

340 1959 395 1966 —
422 1937 568 1988 Opera,
587 1950 658 1990 per
675 1938 841 1977 Ventnr.
863 1939 1051 1977 Roffinel.
1082 1939 1226 1978 Venet.
1249 1940 1290 1976 8.

338 2022 393 2029 -
419 2000 608 2039 Glareani
626 2015 663 2040 v.
685 2002 791 2041 Frib.
813 2003 852 2041 8.

338 2085 393 2092 -—
418 2063 609 2102 Po'emata
641 2064 783 2103 omnia.
824 2063 994 2103 Scholiis
1023 2062 1262 2103 doctissimis
1290 2062 1501 2111 illustrata,
1514 2063 1621 2117 apud
1641 2064 1737 2105 Seb.

283 2126 519 2180 Gryphium.
540 2127 668 2180 Lugd.
690 2130 728 2168 8.

336 2213 391 2221 ·—-··
417 2189 560 2242 Opera,
575 2205 665 2230 cum
685 2190 865 2230 Scholiis.
886 2191 1004 2231 Antv.
1026 2192 1089 2231 12.

337 2277 392 2284 —
419 2255 554 2307 Opera
581 2254 725 2295 omnia.
756 2256 862 2295 Cura
880 2254 1045 2295 Perotti.
1063 2254 1142 2307 Ap.
1163 2254 1312 2294 Simon.
1341 2253 1577 2296 Colinaeum.
1605 2255 1731 2296 Paris.

287 2319 438 2423 1535ss
470 2383 546 2422 Ars
563 2383 735 2435 poetica,
753 2396 843 2422 cum
858 2382 1120 2435 explicatione
1142 2382 1348 2434 Pomponii
1366 2381 1542 2423 Gaui-ici.
1557 2383 1673 2424 Rom.
1685 2387 1728 2424 4.

333 2470 389 2478 -
415 2447 490 2486 Ars
510 2447 680 2499 poetica,
697 2460 768 2500 per
787 2447 1021 2499 Chappelet.
1041 2447 1166 2486 Paris.
1187 2449 1228 2487 4.

331 2533 388 2547 -.
415 2511 570 2551 Comm.
589 2510 629 2550 in
647 2524 680 2551 1.
710 2519 753 2550 et
779 2523 834 2550 11.
865 2511 1019 2550 Horatii
1040 2511 1235 2563 Satyram,
1262 2517 1423 2550 auctore
1451 2509 1533 2551 Jul.
1566 2512 1727 2552 Aurelio

282 2572 521 2622 Haurechio,
559 2574 847 2626 Lessigniensi:
876 2574 1044 2615 accessit
1076 2574 1252 2626 ejusdem
1273 2574 1530 2628 Paraphrasis
1560 2574 1600 2614 in
1635 2589 1726 2617 eas·

279 2635 383 2683 dem,
401 2650 471 2688 per
488 2637 583 2677 Ant.
604 2637 802 2690 Goynum.
823 2638 944 2678 Antv.
963 2640 1003 2678 8.
1529 2683 1532 2686 ,

331 2721 386 2727 --
413 2699 602 2739 Ροὲωαῐε,
634 2703 780 2750 omnia,
800 2696 1041 2743 doctissimis
1077 2702 1249 2742 Scholiis
1266 2702 1477 2753 illustrata,
1512 2705 1619 2759 apud
1654 2705 1720 2745 Jo.

279 2761 509 2801 Hillenium.
531 2764 648 2802 Antv.
669 2767 707 2802 8.
