1858 3184
172 214 284 259 1868

175 320 266 357 Quod
280 328 341 351 nou
352 318 433 350 desit
448 317 567 359 igitur,
581 316 614 349 id
628 321 694 357 est,
705 315 795 359 quod
807 324 873 348 non

173 370 275 403 facile
299 369 418 401 herum
444 367 541 400 fallat
567 373 667 409 atque
683 367 873 405 destituat;

174 420 280 462 quialis
296 419 422 451 fundus
433 418 570 451 Horatii
584 419 618 449 in
632 417 779 450 Sabinis.
799 417 874 448 Tor·

173 473 257 502 mtt.
293 469 383 506 Quod
393 478 455 501 non
462 467 560 509 desit]
577 467 772 500 Habentem
783 466 874 510 quod

176 519 332 553 sufficiat.

218 574 259 602 53
285 571 365 606 Quoe
386 567 549 610 poterunt]
582 567 726 599 Insanus
753 567 875 600 merito

174 620 284 660 dicar,
313 619 340 650 si
362 628 430 650 non
456 622 572 660 putem
593 618 742 650 dormire
757 618 874 649 melius

174 678 251 702 'esse
266 679 365 711 quam
383 678 499 701 versus
512 668 674 700 scribere.
718 667 810 699 Satis
820 677 875 699 ex-

171 730 311 764 purgare
322 720 449 762 ciente]
471 720 593 752 Cicuta
605 720 709 752 herba
720 721 875 763 quaedam

175 777 230 804 est
259 777 436 812 venenata,
471 771 658 804 notissima.
718 771 875 804 Cicutam

174 822 280 854 etiam
296 822 514 863 appellarunt
529 822 630 863 vulgo
654 821 794 854 herbam
819 830 877 854 ca·

174 873 392 911 manticam,
403 882 502 914 quam
512 873 567 904 hic
581 872 763 913 intelligit:
777 872 876 905 Grae·

174 932 217 955 ce
233 922 359 955 dicitur
372 921 508 955 κώνειον.
538 923 624 954 Tum
640 927 677 955 et
693 923 807 955 Latini
821 923 877 955 Ci-

174 976 280 1005 meam
302 978 425 1006 vocant
440 973 628 1015 quamlibet
642 983 801 1013 cannam,
826 973 876 1005 in·

176 1029 231 1056 tus
255 1033 372 1056 cavam
399 1027 437 1056 et
458 1023 605 1055 inanem.
657 1022 759 1055 Unde
785 1021 876 1064 apud

175 1073 305 1106 Poetas
319 1074 430 1106 cicutoe
450 1082 515 1115 pro
529 1073 666 1105 calamis
682 1072 805 1115 quibus
820 1071 878 1104 fis·

176 1125 289 1156 tulant
312 1128 481 1165 pastores.
502 1122 686 1155 Salmasius.
741 1121 878 1162 Cicatoe]

177 1175 447 1217 Καταχρηστικῦς
472 1182 539 1205 non
561 1177 631 1204 tam
649 1181 711 1214 pro
726 1172 879 1204 elleboro

175 1224 282 1266 (quod
299 1224 428 1267 antiqui
451 1223 657 1265 interpretes
672 1226 710 1255 et
726 1221 880 1254 nonnulli

176 1276 241 1307 viri
266 1275 457 1307 doctissimi
471 1284 516 1307 ex
532 1273 709 1306 Avicenna
724 1272 881 1315 voluere)

177 1336 278 1369 quam
293 1336 356 1368 pro
371 1335 583 1368 quocumque
599 1325 744 1366 ancipiti
760 1325 881 1357 adver·

178 1387 235 1409 sus
250 1377 405 1409 morbum
420 1376 604 1417 ancipitem
615 1375 779 1415 remedio,
790 1375 880 1417 quod

178 1429 234 1460 vel
258 1437 335 1460 cum
357 1427 549 1460 discrimine
573 1426 686 1467 potius
702 1425 881 1457 admovea-

179 1483 248 1519 tur,
273 1487 374 1520 quam
397 1480 628 1518 aegrotantem·
649 1480 746 1507 certo
768 1474 880 1516 perire

179 1527 361 1569 patiamur.
407 1527 451 1559 Et
466 1535 528 1559 cur
542 1525 685 1558 obsecro
705 1524 882 1557 scribendi

178 1577 262 1609 illud
283 1576 481 1618 cacoethes,
507 1574 599 1618 quod
623 1574 811 1608 insanabile
827 1584 883 1606 vo·

179 1633 237 1661 ent
249 1627 438 1668 juvenalis,
462 1631 635 1668 tamquam
650 1634 692 1657 ex
709 1623 812 1657 nimio
825 1634 882 1657 ca·

179 1679 254 1710 lore
271 1683 329 1710 aut
343 1682 420 1710 atra
434 1676 504 1709 bile
518 1681 647 1716 ortum,
661 1675 789 1715 cicuta,
803 1685 881 1717 quae

179 1727 309 1770 frigore
325 1731 462 1767 enecat,
483 1735 605 1758 curare
628 1725 810 1758 Horatium
825 1735 882 1757 ve-

180 1782 233 1811 tes
248 1778 260 1810 ?
305 1776 510 1819 Exemplum
539 1779 636 1808 certe
665 1778 803 1807 secutus
831 1779 885 1807 est

182 1828 323 1861 Persius
336 1828 409 1860 Sat.
426 1836 463 1859 v.
478 1836 554 1859 cum
570 1826 640 1859 ait:
661 1829 673 1845 ⁸
685 1825 807 1858 Calido
822 1825 884 1857 sub

182 1884 325 1921 pectore
340 1877 491 1909 mascula
501 1876 578 1908 bilis
591 1875 773 1914 Intumuit,
784 1885 884 1917 qnam

182 1938 251 1961 non
265 1927 456 1961 extinxerit
469 1935 556 1958 urna
570 1924 718 1958 cicutas:
741 1926 884 1970 Torreat.

183 1979 250 2011 Vel
266 1977 409 2019 censuit,
425 1985 462 2008 se
477 1976 571 2008 nulla
585 1976 711 2016 cicuta,
735 1976 800 2008 hoc
820 1980 884 2011 est,

168 2027 389 2071 ,validissimo
401 2025 665 2066 medicamento,
688 2024 740 2056 ita
759 2034 886 2066 expur-

185 2078 256 2121 gari
270 2087 381 2120 posse,
392 2076 473 2118 quin
485 2074 606 2107 credat
619 2084 656 2106 se
671 2074 764 2116 prius
778 2073 886 2106 emori

184 2137 299 2171 posse,
313 2136 414 2170 quam
430 2133 582 2164 censere,
597 2133 715 2156 versus
730 2123 885 2156 scribere

184 2178 304 2211 melius
329 2186 418 2217 esse,
442 2185 542 2219 quam
560 2174 707 2207 dormire
722 2178 759 2206 et
774 2174 885 2216 quies-

185 2238 277 2262 cere.
313 2229 411 2269 Cruq.
462 2225 545 2259 vid.
568 2225 719 2258 Turneb.
746 2233 828 2259 xxi.
851 2227 885 2258 8.

186 2277 326 2319 Cicuta]
359 2275 543 2310 Medicina
569 2274 887 2316 vehementissimae,

187 2333 225 2360 ut
248 2327 466 2363 Helleborus.
484 2334 585 2368 quem
605 2325 661 2358 hic
676 2335 697 2357 a
712 2324 822 2359 Poeta
836 2325 885 2357 in-

187 2378 295 2420 telligi
321 2376 476 2409 adducor
492 2380 533 2408 nt
555 2376 705 2415 credam,
727 2376 886 2418 quoniam

188 2430 304 2461 cicuta
328 2427 371 2460 ab
397 2426 573 2458 Avicenua
597 2420 777 2460 'Hellebori
800 2426 887 2469 nigri

188 2479 323 2510 nomine
338 2477 543 2519 appellatur.

232 2531 273 2559 55
298 2528 434 2567 Singula
459 2528 497 2559 de
520 2525 608 2558 nobis
628 2524 719 2568 unni]
746 2525 891 2568 Singula

189 2587 267 2619 quae
295 2577 337 2608 ad
366 2579 574 2618 voluptatem
601 2576 787 2618 pertinent.
830 2576 890 2608 Sc·

189 2627 304 2660 cunda
319 2633 372 2659 est
386 2628 562 2659 excusatio
577 2637 639 2659 cur
659 2637 728 2660 non
751 2626 891 2660 scribat.

192 2677 401 2718 Proedantur]
429 2677 594 2718 Raptum.
722 2712 725 2716 ⁷

235 2730 279 2760 56
301 2727 363 2759 Sed
378 2728 458 2768 quod
472 2737 532 2758 non
546 2728 627 2759 desit
641 2727 812 2768 habentem,
822 2725 894 2768 ξω]

195 2778 250 2811 Ad
275 2778 384 2820 ipsum
409 2777 545 2809 Horatii
573 2779 717 2810 animum
743 2777 894 2810 referen-

636 223 779 255 NOTAE
810 221 1078 254 VARIORUM
1113 221 1165 252 IN

924 314 1025 354 dum3
1046 315 1102 357 qui
1119 314 1196 347 idco
1210 312 1360 346 habebat
1375 312 1467 356 quod
1481 322 1548 347 non
1562 315 1620 347 de-

923 371 1027 403 esset,
1057 366 1138 406 qnia
1167 374 1208 397 eo
1236 369 1418 397 contentus
1446 369 1532 404 erat,
1556 366 1622 397 nec

924 417 1000 456 plus
1025 416 1152 448 habere
1175 414 1350 457 cupiebat.
1394 415 1501 449 Quasi
1517 414 1625 456 dicat,

925 465 1121 497 Habentem
1158 465 1247 507 qnod
1286 465 1424 507 expleat
1453 464 1625 506 cupidita·

924 521 993 547 tem
1011 526 1132 556 meam,
1148 516 1203 547 vel
1219 515 1334 557 potius
1349 520 1430 547 vota
1444 525 1532 547 mea.
1549 513 1626 547 See·
1692 540 1698 545 .

920 566 1017 607 phun.

968 620 1009 649 57
1028 617 1171 650 Tendunt
1183 615 1383 658 extorquere]
1405 614 1627 648 eontendunt

925 673 961 700 et
977 654 1366 710 conantur‘extorqnere
1386 666 1538 709 fingendi
1555 676 1628 699 car·

925 718 1026 750 minis
1043 719 1318 760 propensionem.

969 772 1012 802 58
1034 770 1182 811 Denique
1202 769 1279 811 non]
1306 767 1427 801 Tertia
1449 767 1627 800 excusatio

926 829 987 852 cur
1001 828 1069 851 uon
1085 819 1225 852 scribat.
1287 822 1292 826 ‘

969 872 1011 901 59
1035 869 1184 901 Carmine
1207 872 1244 902 tu
1266 869 1402 912 gaudes]
1433 871 1444 888 ‘
1457 867 1627 909 Carmen,’

927 929 1004 953 cum
1016 920 1114 962 dicit,
1128 930 1191 962 per
1201 921 1467 953 antonomasiam
1480 921 1491 939 ‘
1504 918 1629 952 Heroi-

927 970 1025 1004 cum'
1039 971 1205 1013 intellige.
1228 971 1372 1004 Torreat.

971 1024 1013 1054 60
1035 1021 1168 1053 Bioneis
1177 1020 1382 1062 sermonibus]
1404 1021 1452 1053 Et
1465 1019 1628 1053 ‘mones’

928 1071 1066 1113 quidem
1076 1081 1216 1104 numero
1227 1071 1347 1103 decem
1358 1076 1518 1107 recenset
1526 1070 1629 1102 Laer-

929 1121 1018 1153 tius:
1043 1131 1063 1153 e
1083 1121 1205 1163 quibus
1221 1121 1379 1153 omnibns
1392 1119 1504 1152 ‘Bion
1519 1119 1630 1161 Bory-

929 1172 1117 1205 sthenites’
1139 1177 1238 1214 aptus
1247 1167 1365 1205 'videri
1380 1171 1503 1214 possit,
1526 1179 1547 1203 a
1561 1180 1630 1213 quo

931 1223 1045 1255 Bionei
1069 1233 1224 1255 sermones
1247 1232 1310 1265 pro
1334 1221 1570 1262 amarulentis,
1593 1226 1632 1268 ut

930 1273 1166 1316 Hipponactei
1190 1279 1227 1306 et
1250 1272 1473 1312 Archilochii,
1491 1271 1632 1314 prover-

931 1324 987 1356 bio
1003 1325 1231 1357 celebrentur.
1276 1323 1356 1356 Fuit
1379 1326 1492 1354 antem
1515 1321 1631 1354 Philo-

930 1375 1056 1416 sophus
1071 1379 1108 1407 et
1122 1374 1242 1415 Poeta,
1256 1382 1323 1406 nou
1339 1372 1374 1405 in
1386 1371 1540 1404 homines
1555 1377 1631 1404 tan-

930 1429 1014 1465 tum,
1036 1423 1096 1456 sed
1119 1425 1152 1456 in
1177 1424 1272 1455 Deos
1287 1422 1391 1455 etiam
1406 1422 1631 1455 contumelio-

931 1484 1001 1507 sus.
1043 1473 1192 1506 Turneb.
1218 1473 1363 1511 Adlvers.
1388 1481 1468 1506 xxi.
1484 1475 1515 1504 8.
1541 1472 1633 1506 Tm.

930 1524 1064 1556 Bioneis
1076 1523 1284 1565 sermonibus]
1318 1521 1447 1555 Lividis
1467 1521 1573 1563 jocis,
1595 1521 1631 1554 id

930 1579 996 1614 est,
1011 1574 1147 1616 Satyra.
1174 1573 1264 1606 Bion
1278 1572 1447 1615 sophistes
1462 1572 1634 1613 cognomi-

932 1629 1032 1657 natus
1048 1625 1133 1657 adeo
1149 1624 1291 1657 mordax
1305 1622 1370 1656 fuit
1384 1623 1420 1655 in
1434 1622 1576 1663 Pastas,
1592 1628 1633 1655 ut

931 1683 976 1707 ne
1003 1675 1156 1707 Homero
1178 1674 1316 1717 quidem
1342 1678 1515 1716 parceret.
1558 1673 1634 1706 Sale

932 1723 1041 1765 nigro]
1061 1724 1196 1756 Salibus
1211 1723 1345 1766 amaris,
1354 1724 1472 1767 quales
1483 1730 1563 1756 suut
1576 1733 1633 1756 ve·

933 1778 1024 1806 teres
1041 1773 1238 1807 Comoedia».

933 1823 939 1829 ”
975 1827 1017 1857 61
1042 1825 1146 1867 Prope
1160 1823 1343 1867 dissent-ire]
1373 1824 1444 1858 Hic
1454 1834 1564 1867 prope,
1576 1833 1636 1869 ge-

932 1875 1078 1907 neratim
1095 1875 1243 1916 capitur,
1259 1883 1319 1906 seu
1335 1874 1586 1915 universaliter,
1599 1873 1635 1906 id

934 1929 999 1964 est,
1015 1934 1131 1956 omnes
1147 1929 1229 1957 tres.
1256 1925 1353 1965 (ἕως.

976 1977 1018 2007 62
1043 1975 1174 2016 palato]
1198 1973 1325 2006 Gustu.

976 2026 1019 2055 63
1043 2023 1163 2055 Remis
1176 2027 1223 2064 ta,
1237 2023 1318 2064 quod
1332 2021 1425 2062 jubet
1441 2021 1538 2064 ulter]
1563 2022 1636 2055 Ho-

935 2073 1041 2105 ratius
1054 2077 1216 2115 tanquam
1235 2071 1280 2104 ad
1303 2071 1396 2114 ipsos
1410 2072 1572 2105 convivas
1587 2073 1635 2105 lo·

933 2124 1061 2166 quitur.

976 2176 1018 2206 65
1042 2173 1171 2205 Proeter
1193 2170 1323 2213 coetera]
1352 2170 1509 2214 Insuper.
1556 2171 1638 2206 Alia

934 2233 1038 2256 causa
1052 2232 1115 2255 cur
1129 2232 1197 2255 non
1214 2222 1357 2255 scribat.

978 2276 1020 2306 67
1043 2273 1110 2306 Hic
1131 2282 1278 2314 sponsum
1297 2275 1400 2313 vocnt,
1422 2272 1473 2304 tic
1495 2273 1638 2307 «nauum

935 2324 1063 2366 scripto.
1088 2323 1160 2366 &cij
1191 2323 1279 2355 Duae
1309 2332 1365 2355 res
1390 2323 1637 2357 molestissimae

936 2374 1015 2406 olim
1032 2374 1160 2414 Romae,
1174 2371 1358 2415 spondere.
1372 2376 1408 2404 et
1419 2372 1538 2406 audire
1551 2374 1639 2406 reci-

937 2427 1069 2456 tames:
1084 2427 1124 2455 ut
1137 2431 1203 2456 nou
1220 2423 1326 2455 semel
1339 2426 1419 2456 ante
1431 2429 1640 2466 conquestus

938 2480 1015 2516 est;
1038 2473 1153 2516 lepide
1167 2473 1296 2508 Juveu.
1310 2473 1401 2505 inter
1414 2475 1562 2507 maxima
1572 2474 1640 2507 Ur-

939 2525 992 2558 bis
1019 2526 1108 2558 mala
1133 2526 1330 2557 enumerat:
1352 2523 1531 2566 ‘Augusto
1552 2526 1640 2558 reci-

939 2581 1055 2617 tantes
1081 2585 1196 2608 mense
1224 2574 1373 2607 Potitus?
1396 2574 1488 2608 Torr.
1538 2574 1640 2616 Spon-

939 2626 1023 2668 sum]
1049 2626 1104 2658 Ad
1121 2625 1390 2667 respondendnm
1405 2634 1468 2668 pro
1482 2634 1529 2657 se.
1571 2626 1642 2660 Aa·

940 2675 1056 2716 ditum]
1099 2676 1181 2707 Fuit
1220 2674 1385 2707 Horatius
1422 2684 1465 2706 ex
1501 2674 1640 2708 Criticis

943 2736 1041 2759 unus.

984 2780 1027 2810 68
1052 2775 1152 2809 eabae
1167 2775 1233 2817 hic]
1258 2775 1425 2817 AEgrotat.
