<?xml version="1.0" encoding="UTF-8"?>
<!DOCTYPE html PUBLIC "-//W3C//DTD XHTML 1.0 Transitional//EN"
    "http://www.w3.org/TR/xhtml1/DTD/xhtml1-transitional.dtd">
<html xmlns="http://www.w3.org/1999/xhtml" xml:lang="en" lang="en">
 <head>
  <title>
</title>
<meta http-equiv="Content-Type" content="text/html;charset=utf-8" />
  <meta name='ocr-system' content='tesseract 3.04.00' />
  <meta name='ocr-capabilities' content='ocr_page ocr_carea ocr_par ocr_line ocrx_word'/>
</head>
<body>
  <div class='ocr_page' id='page_1' title='image "./operaomnia04horauoft/operaomnia04horauoft_0054.png"; bbox 0 0 1858 3184; ppageno 0'>
   <div class='ocr_carea' id='block_1_1' title="bbox 248 207 361 250">
    <p class='ocr_par' dir='ltr' id='par_1_1' title="bbox 248 207 361 250">
     <span class='ocr_line' id='line_1_1' title="bbox 248 207 361 250; baseline 0.009 -1"><span class='ocrx_word' id='word_1_1' title='bbox 248 208 266 249; x_wconf 83' lang='lat'>1</span> <span class='ocrx_word' id='word_1_2' title='bbox 276 207 361 250; x_wconf 80' lang='lat'>804</span> 
     </span>
    </p>
   </div>
   <div class='ocr_carea' id='block_1_2' title="bbox 248 312 990 2764">
    <p class='ocr_par' dir='ltr' id='par_1_2' title="bbox 248 312 951 355">
     <span class='ocr_line' id='line_1_2' title="bbox 248 312 951 355; baseline -0.003 -10"><span class='ocrx_word' id='word_1_3' title='bbox 248 322 324 345; x_wconf 88' lang='lat' dir='ltr'>rare</span> <span class='ocrx_word' id='word_1_4' title='bbox 352 312 394 344; x_wconf 89' lang='lat' dir='ltr'>ad</span> <span class='ocrx_word' id='word_1_5' title='bbox 422 321 464 345; x_wconf 87' lang='lat' dir='ltr'>ea</span> <span class='ocrx_word' id='word_1_6' title='bbox 486 323 563 355; x_wconf 72' lang='lat' dir='ltr'>qua»,</span> <span class='ocrx_word' id='word_1_7' title='bbox 589 313 698 345; x_wconf 85' lang='lat' dir='ltr'>minus</span> <span class='ocrx_word' id='word_1_8' title='bbox 726 316 804 344; x_wconf 84' lang='lat' dir='ltr'>sunt</span> <span class='ocrx_word' id='word_1_9' title='bbox 831 312 951 344; x_wconf 82' lang='lat' dir='ltr'>hones·</span> 
     </span>
    </p>

    <p class='ocr_par' dir='ltr' id='par_1_3' title="bbox 250 362 950 404">
     <span class='ocr_line' id='line_1_3' title="bbox 250 362 950 404; baseline -0.001 -9"><span class='ocrx_word' id='word_1_10' title='bbox 250 369 307 403; x_wconf 65' lang='lat' dir='ltr'>ta,</span> <span class='ocrx_word' id='word_1_11' title='bbox 331 363 391 395; x_wconf 87' lang='lat' dir='ltr'>sed</span> <span class='ocrx_word' id='word_1_12' title='bbox 407 368 526 395; x_wconf 86' lang='lat' dir='ltr'>contra</span> <span class='ocrx_word' id='word_1_13' title='bbox 542 373 616 396; x_wconf 91' lang='lat' dir='ltr'>eam</span> <span class='ocrx_word' id='word_1_14' title='bbox 632 363 768 395; x_wconf 87' lang='lat' dir='ltr'>ductari</span> <span class='ocrx_word' id='word_1_15' title='bbox 785 362 950 404; x_wconf 79' lang='lat' dir='ltr'>trahique.</span> 
     </span>
    </p>

    <p class='ocr_par' dir='ltr' id='par_1_4' title="bbox 250 415 348 455">
     <span class='ocr_line' id='line_1_4' title="bbox 250 415 348 455; baseline 0 -9"><span class='ocrx_word' id='word_1_16' title='bbox 250 415 348 455; x_wconf 64' lang='grc' dir='ltr'>(ἕως.</span> 
     </span>
    </p>

    <p class='ocr_par' dir='ltr' id='par_1_5' title="bbox 250 464 976 2056">
     <span class='ocr_line' id='line_1_5' title="bbox 291 464 952 507; baseline -0.002 -11"><span class='ocrx_word' id='word_1_17' title='bbox 291 466 334 497; x_wconf 82' lang='grc'>49</span> <span class='ocrx_word' id='word_1_18' title='bbox 357 464 541 507; x_wconf 57' lang='lat' dir='ltr'>Dia-tabam]</span> <span class='ocrx_word' id='word_1_19' title='bbox 559 464 646 497; x_wconf 83' lang='lat' dir='ltr'>Haec</span> <span class='ocrx_word' id='word_1_20' title='bbox 661 464 832 496; x_wconf 79' lang='lat' dir='ltr'><strong>dictabam</strong></span> <span class='ocrx_word' id='word_1_21' title='bbox 844 473 952 505; x_wconf 83' lang='lat' dir='ltr'>puero</span> 
     </span>
     <span class='ocr_line' id='line_1_6' title="bbox 250 515 953 555; baseline -0.003 -7"><span class='ocrx_word' id='word_1_22' title='bbox 250 526 327 548; x_wconf 86' lang='lat' dir='ltr'>meo</span> <span class='ocrx_word' id='word_1_23' title='bbox 358 516 537 555; x_wconf 75' lang='lat' dir='ltr'>scribenti,</span> <span class='ocrx_word' id='word_1_24' title='bbox 569 520 607 547; x_wconf 86' lang='lat' dir='ltr'>ut</span> <span class='ocrx_word' id='word_1_25' title='bbox 630 515 672 547; x_wconf 87' lang='lat' dir='ltr'>ad</span> <span class='ocrx_word' id='word_1_26' title='bbox 703 519 738 547; x_wconf 88' lang='lat' dir='ltr'>te</span> <span class='ocrx_word' id='word_1_27' title='bbox 766 515 953 547; x_wconf 80' lang='lat' dir='ltr'>mitterem.</span> 
     </span>
     <span class='ocr_line' id='line_1_7' title="bbox 253 565 953 607; baseline -0.006 -7"><span class='ocrx_word' id='word_1_28' title='bbox 253 568 334 601; x_wconf 78' lang='lat' dir='ltr'>Post</span> <span class='ocrx_word' id='word_1_29' title='bbox 347 566 463 606; x_wconf 78' lang='lat' dir='ltr'>fanum</span> <span class='ocrx_word' id='word_1_30' title='bbox 483 566 590 607; x_wconf 79' lang='lat' dir='ltr'>putre]</span> <span class='ocrx_word' id='word_1_31' title='bbox 615 567 709 598; x_wconf 87' lang='lat' dir='ltr'>Pone</span> <span class='ocrx_word' id='word_1_32' title='bbox 723 565 886 598; x_wconf 88' lang='lat' dir='ltr'>cariosam</span> <span class='ocrx_word' id='word_1_33' title='bbox 909 575 953 596; x_wconf 85' lang='lat' dir='ltr'>ae·</span> 
     </span>
     <span class='ocr_line' id='line_1_8' title="bbox 253 615 954 658; baseline -0.001 -10"><span class='ocrx_word' id='word_1_34' title='bbox 253 618 332 649; x_wconf 87' lang='lat' dir='ltr'>dem</span> <span class='ocrx_word' id='word_1_35' title='bbox 347 617 511 656; x_wconf 74' lang='lat' dir='ltr'>Vammae,</span> <span class='ocrx_word' id='word_1_36' title='bbox 533 626 609 658; x_wconf 80' lang='lat' dir='ltr'>quse</span> <span class='ocrx_word' id='word_1_37' title='bbox 630 618 707 649; x_wconf 89' lang='lat' dir='ltr'>Dea</span> <span class='ocrx_word' id='word_1_38' title='bbox 726 620 780 648; x_wconf 90' lang='lat' dir='ltr'>est</span> <span class='ocrx_word' id='word_1_39' title='bbox 806 615 954 648; x_wconf 85' lang='lat' dir='ltr'>vacatio·</span> 
     </span>
     <span class='ocr_line' id='line_1_9' title="bbox 253 667 954 708; baseline -0.001 -9"><span class='ocrx_word' id='word_1_40' title='bbox 253 667 317 699; x_wconf 84' lang='lat' dir='ltr'>nis.</span> <span class='ocrx_word' id='word_1_41' title='bbox 368 667 517 708; x_wconf 61' lang='lat' dir='ltr'>Vnt-um]</span> <span class='ocrx_word' id='word_1_42' title='bbox 540 667 626 701; x_wconf 77' lang='lat' dir='ltr'>Quae</span> <span class='ocrx_word' id='word_1_43' title='bbox 654 667 697 699; x_wconf 91' lang='lat' dir='ltr'>de</span> <span class='ocrx_word' id='word_1_44' title='bbox 722 667 867 699; x_wconf 86' lang='lat' dir='ltr'>ridicula</span> <span class='ocrx_word' id='word_1_45' title='bbox 891 667 954 698; x_wconf 77' lang='lat' dir='ltr'>liac</span> 
     </span>
     <span class='ocr_line' id='line_1_10' title="bbox 254 717 955 757; baseline -0.001 -9"><span class='ocrx_word' id='word_1_46' title='bbox 254 722 409 750; x_wconf 90' lang='lat' dir='ltr'>veterum</span> <span class='ocrx_word' id='word_1_47' title='bbox 440 718 515 749; x_wconf 88' lang='lat' dir='ltr'>Dea</span> <span class='ocrx_word' id='word_1_48' title='bbox 545 717 727 749; x_wconf 83' lang='lat' dir='ltr'>Lambinus</span> <span class='ocrx_word' id='word_1_49' title='bbox 754 717 810 750; x_wconf 86' lang='lat' dir='ltr'>hic</span> <span class='ocrx_word' id='word_1_50' title='bbox 837 717 955 757; x_wconf 80' lang='lat' dir='ltr'>trahit,</span> 
     </span>
     <span class='ocr_line' id='line_1_11' title="bbox 253 768 956 810; baseline -0.001 -10"><span class='ocrx_word' id='word_1_51' title='bbox 253 768 403 801; x_wconf 85' lang='lat' dir='ltr'>Turnebi</span> <span class='ocrx_word' id='word_1_52' title='bbox 420 771 499 800; x_wconf 88' lang='lat' dir='ltr'>sunt</span> <span class='ocrx_word' id='word_1_53' title='bbox 515 778 557 800; x_wconf 77' lang='grc' dir='ltr'>ιι.</span> <span class='ocrx_word' id='word_1_54' title='bbox 572 772 626 800; x_wconf 85' lang='grc'>23.</span> <span class='ocrx_word' id='word_1_55' title='bbox 672 769 747 810; x_wconf 83' lang='lat' dir='ltr'>Ego</span> <span class='ocrx_word' id='word_1_56' title='bbox 763 778 844 800; x_wconf 86' lang='lat' dir='ltr'>vero</span> <span class='ocrx_word' id='word_1_57' title='bbox 861 773 956 800; x_wconf 87' lang='lat' dir='ltr'>vete-</span> 
     </span>
     <span class='ocr_line' id='line_1_12' title="bbox 256 818 958 860; baseline -0.001 -10"><span class='ocrx_word' id='word_1_58' title='bbox 256 820 303 851; x_wconf 84' lang='lat' dir='ltr'>ris</span> <span class='ocrx_word' id='word_1_59' title='bbox 323 818 518 850; x_wconf 85' lang='lat' dir='ltr'>Scholiastae</span> <span class='ocrx_word' id='word_1_60' title='bbox 545 818 649 850; x_wconf 84' lang='lat' dir='ltr'>verba</span> <span class='ocrx_word' id='word_1_61' title='bbox 664 828 708 850; x_wconf 88' lang='lat' dir='ltr'>ex</span> <span class='ocrx_word' id='word_1_62' title='bbox 723 818 958 860; x_wconf 84' lang='lat' dir='ltr'>antiquissimo</span> 
     </span>
     <span class='ocr_line' id='line_1_13' title="bbox 256 868 958 902; baseline -0.001 -1"><span class='ocrx_word' id='word_1_63' title='bbox 256 869 375 901; x_wconf 85' lang='lat' dir='ltr'>codice</span> <span class='ocrx_word' id='word_1_64' title='bbox 389 869 620 902; x_wconf 74' lang='lat' dir='ltr'>Laurentiano</span> <span class='ocrx_word' id='word_1_65' title='bbox 633 868 824 901; x_wconf 84' lang='lat' dir='ltr'>adscribam</span> <span class='ocrx_word' id='word_1_66' title='bbox 839 881 845 899; x_wconf 94' lang='lat'><strong>:</strong></span> <span class='ocrx_word' id='word_1_67' title='bbox 869 874 878 888; x_wconf 79' lang='lat'><em>⁶</em></span> <span class='ocrx_word' id='word_1_68' title='bbox 890 869 958 900; x_wconf 88' lang='lat' dir='ltr'>Va-</span> 
     </span>
     <span class='ocr_line' id='line_1_14' title="bbox 258 919 960 961; baseline 0 -11"><span class='ocrx_word' id='word_1_69' title='bbox 258 928 378 951; x_wconf 79' lang='lat' dir='ltr'>cunam</span> <span class='ocrx_word' id='word_1_70' title='bbox 408 919 497 960; x_wconf 86' lang='lat' dir='ltr'>apud</span> <span class='ocrx_word' id='word_1_71' title='bbox 524 919 667 952; x_wconf 85' lang='lat' dir='ltr'>Sabinos</span> <span class='ocrx_word' id='word_1_72' title='bbox 690 920 871 961; x_wconf 86' lang='lat' dir='ltr'>plurimum</span> <span class='ocrx_word' id='word_1_73' title='bbox 889 920 960 952; x_wconf 87' lang='lat' dir='ltr'>cul·</span> 
     </span>
     <span class='ocr_line' id='line_1_15' title="bbox 259 969 961 1012; baseline 0.003 -12"><span class='ocrx_word' id='word_1_74' title='bbox 259 974 340 1005; x_wconf 84' lang='lat' dir='ltr'>tam,</span> <span class='ocrx_word' id='word_1_75' title='bbox 359 969 416 1002; x_wconf 88' lang='lat' dir='ltr'>alii</span> <span class='ocrx_word' id='word_1_76' title='bbox 441 969 647 1011; x_wconf 85' lang='lat' dir='ltr'>Minervam,</span> <span class='ocrx_word' id='word_1_77' title='bbox 662 971 719 1003; x_wconf 90' lang='lat' dir='ltr'>alii</span> <span class='ocrx_word' id='word_1_78' title='bbox 740 970 882 1002; x_wconf 87' lang='lat' dir='ltr'>Dianam</span> <span class='ocrx_word' id='word_1_79' title='bbox 899 980 961 1012; x_wconf 85' lang='lat' dir='ltr'>pu-</span> 
     </span>
     <span class='ocr_line' id='line_1_16' title="bbox 258 1021 962 1060; baseline 0 -8"><span class='ocrx_word' id='word_1_80' title='bbox 258 1024 435 1060; x_wconf 82' lang='lat' dir='ltr'>taverunt,</span> <span class='ocrx_word' id='word_1_81' title='bbox 469 1021 620 1053; x_wconf 88' lang='lat' dir='ltr'>nonnulli</span> <span class='ocrx_word' id='word_1_82' title='bbox 659 1021 761 1053; x_wconf 87' lang='lat' dir='ltr'>etiam</span> <span class='ocrx_word' id='word_1_83' title='bbox 792 1021 962 1053; x_wconf 87' lang='lat' dir='ltr'>Venerem</span> 
     </span>
     <span class='ocr_line' id='line_1_17' title="bbox 259 1070 963 1110; baseline 0 -9"><span class='ocrx_word' id='word_1_84' title='bbox 259 1070 446 1110; x_wconf 74' lang='lat' dir='ltr'>dixerunt3</span> <span class='ocrx_word' id='word_1_85' title='bbox 468 1070 530 1102; x_wconf 89' lang='lat' dir='ltr'>sed</span> <span class='ocrx_word' id='word_1_86' title='bbox 541 1071 652 1102; x_wconf 83' lang='lat' dir='ltr'>Varro</span> <span class='ocrx_word' id='word_1_87' title='bbox 667 1070 727 1103; x_wconf 92' lang='lat' dir='ltr'>lib.</span> <span class='ocrx_word' id='word_1_88' title='bbox 742 1079 767 1102; x_wconf 85' lang='lat'>1.</span> <span class='ocrx_word' id='word_1_89' title='bbox 784 1079 896 1102; x_wconf 88' lang='lat' dir='ltr'>rerum</span> <span class='ocrx_word' id='word_1_90' title='bbox 913 1070 963 1101; x_wconf 90' lang='lat' dir='ltr'>di·</span> 
     </span>
     <span class='ocr_line' id='line_1_18' title="bbox 259 1119 964 1162; baseline 0.003 -12"><span class='ocrx_word' id='word_1_91' title='bbox 259 1120 412 1151; x_wconf 87' lang='lat' dir='ltr'>vinarum</span> <span class='ocrx_word' id='word_1_92' title='bbox 427 1120 614 1151; x_wconf 87' lang='lat' dir='ltr'>Victoriam</span> <span class='ocrx_word' id='word_1_93' title='bbox 641 1130 717 1152; x_wconf 87' lang='lat' dir='ltr'>esse</span> <span class='ocrx_word' id='word_1_94' title='bbox 740 1120 802 1159; x_wconf 85' lang='lat' dir='ltr'>ait,</span> <span class='ocrx_word' id='word_1_95' title='bbox 817 1119 907 1162; x_wconf 87' lang='lat' dir='ltr'>quod</span> <span class='ocrx_word' id='word_1_96' title='bbox 922 1129 964 1152; x_wconf 89' lang='lat' dir='ltr'>ea</span> 
     </span>
     <span class='ocr_line' id='line_1_19' title="bbox 261 1169 965 1212; baseline 0.001 -11"><span class='ocrx_word' id='word_1_97' title='bbox 261 1170 408 1202; x_wconf 85' lang='lat' dir='ltr'>maxime</span> <span class='ocrx_word' id='word_1_98' title='bbox 435 1169 607 1211; x_wconf 74' lang='lat' dir='ltr'>gaudeant</span> <span class='ocrx_word' id='word_1_99' title='bbox 633 1170 690 1212; x_wconf 90' lang='lat' dir='ltr'>qui</span> <span class='ocrx_word' id='word_1_100' title='bbox 713 1170 893 1212; x_wconf 75' lang='lat' dir='ltr'>sapientiae</span> <span class='ocrx_word' id='word_1_101' title='bbox 910 1179 965 1201; x_wconf 87' lang='lat' dir='ltr'>va-</span> 
     </span>
     <span class='ocr_line' id='line_1_20' title="bbox 260 1220 965 1254; baseline 0 -2"><span class='ocrx_word' id='word_1_102' title='bbox 260 1220 368 1252; x_wconf 82' lang='lat' dir='ltr'>cant.&#39;</span> <span class='ocrx_word' id='word_1_103' title='bbox 414 1220 544 1253; x_wconf 86' lang='lat' dir='ltr'>Aliter:</span> <span class='ocrx_word' id='word_1_104' title='bbox 568 1221 766 1253; x_wconf 83' lang='lat' dir='ltr'>‘Vacunam</span> <span class='ocrx_word' id='word_1_105' title='bbox 788 1221 846 1254; x_wconf 88' lang='lat' dir='ltr'>alii</span> <span class='ocrx_word' id='word_1_106' title='bbox 863 1221 965 1254; x_wconf 89' lang='lat' dir='ltr'>Cere-</span> 
     </span>
     <span class='ocr_line' id='line_1_21' title="bbox 262 1269 967 1311; baseline 0.003 -11"><span class='ocrx_word' id='word_1_107' title='bbox 262 1278 344 1310; x_wconf 90' lang='lat' dir='ltr'>rem,</span> <span class='ocrx_word' id='word_1_108' title='bbox 357 1269 414 1300; x_wconf 89' lang='lat' dir='ltr'>alii</span> <span class='ocrx_word' id='word_1_109' title='bbox 428 1270 534 1301; x_wconf 84' lang='lat' dir='ltr'>Deam</span> <span class='ocrx_word' id='word_1_110' title='bbox 550 1270 750 1302; x_wconf 78' lang='lat' dir='ltr'>Vacationis</span> <span class='ocrx_word' id='word_1_111' title='bbox 766 1270 896 1311; x_wconf 88' lang='lat' dir='ltr'>dicunt,</span> <span class='ocrx_word' id='word_1_112' title='bbox 911 1269 967 1302; x_wconf 91' lang='lat' dir='ltr'>alii</span> 
     </span>
     <span class='ocr_line' id='line_1_22' title="bbox 262 1319 967 1362; baseline 0.001 -11"><span class='ocrx_word' id='word_1_113' title='bbox 262 1320 467 1359; x_wconf 79' lang='lat' dir='ltr'>Victoriam,</span> <span class='ocrx_word' id='word_1_114' title='bbox 489 1329 555 1362; x_wconf 79' lang='lat' dir='ltr'>qua</span> <span class='ocrx_word' id='word_1_115' title='bbox 577 1319 729 1352; x_wconf 82' lang='lat' dir='ltr'>faciente</span> <span class='ocrx_word' id='word_1_116' title='bbox 754 1321 844 1352; x_wconf 83' lang='lat' dir='ltr'>curis</span> <span class='ocrx_word' id='word_1_117' title='bbox 869 1330 967 1352; x_wconf 89' lang='lat' dir='ltr'>vaca-</span> 
     </span>
     <span class='ocr_line' id='line_1_23' title="bbox 263 1370 969 1404; baseline 0.001 -2"><span class='ocrx_word' id='word_1_118' title='bbox 263 1371 362 1403; x_wconf 86' lang='lat' dir='ltr'>mus.&#39;</span> <span class='ocrx_word' id='word_1_119' title='bbox 394 1371 450 1403; x_wconf 91' lang='lat' dir='ltr'>Sic</span> <span class='ocrx_word' id='word_1_120' title='bbox 466 1371 535 1403; x_wconf 90' lang='lat' dir='ltr'>ille.</span> <span class='ocrx_word' id='word_1_121' title='bbox 572 1371 682 1403; x_wconf 88' lang='lat' dir='ltr'>Fuere</span> <span class='ocrx_word' id='word_1_122' title='bbox 696 1375 811 1404; x_wconf 89' lang='lat' dir='ltr'>antem</span> <span class='ocrx_word' id='word_1_123' title='bbox 827 1374 863 1404; x_wconf 91' lang='lat' dir='ltr'>et</span> <span class='ocrx_word' id='word_1_124' title='bbox 877 1370 969 1403; x_wconf 85' lang='lat' dir='ltr'>festa</span> 
     </span>
     <span class='ocr_line' id='line_1_24' title="bbox 263 1422 968 1462; baseline 0.001 -9"><span class='ocrx_word' id='word_1_125' title='bbox 263 1422 452 1454; x_wconf 81' lang='lat' dir='ltr'>Vacunalia</span> <span class='ocrx_word' id='word_1_126' title='bbox 477 1432 595 1455; x_wconf 88' lang='lat' dir='ltr'>mense</span> <span class='ocrx_word' id='word_1_127' title='bbox 619 1423 816 1462; x_wconf 86' lang='lat' dir='ltr'>Decembri,</span> <span class='ocrx_word' id='word_1_128' title='bbox 833 1433 853 1455; x_wconf 84' lang='lat' dir='ltr'>a</span> <span class='ocrx_word' id='word_1_129' title='bbox 868 1422 968 1454; x_wconf 85' lang='lat' dir='ltr'>rusti-</span> 
     </span>
     <span class='ocr_line' id='line_1_25' title="bbox 265 1473 967 1517; baseline -0.001 -12"><span class='ocrx_word' id='word_1_130' title='bbox 265 1473 314 1505; x_wconf 78' lang='lat' dir='ltr'>cis</span> <span class='ocrx_word' id='word_1_131' title='bbox 322 1473 394 1517; x_wconf 73' lang='lat' dir='ltr'>Jam</span> <span class='ocrx_word' id='word_1_132' title='bbox 411 1473 525 1504; x_wconf 87' lang='lat' dir='ltr'>vacuis</span> <span class='ocrx_word' id='word_1_133' title='bbox 541 1483 682 1514; x_wconf 84' lang='lat' dir='ltr'>operum</span> <span class='ocrx_word' id='word_1_134' title='bbox 696 1478 773 1515; x_wconf 86' lang='lat' dir='ltr'>post</span> <span class='ocrx_word' id='word_1_135' title='bbox 784 1477 967 1515; x_wconf 84' lang='lat' dir='ltr'>perceptos</span> 
     </span>
     <span class='ocr_line' id='line_1_26' title="bbox 263 1522 968 1565; baseline 0 -11"><span class='ocrx_word' id='word_1_136' title='bbox 263 1523 397 1555; x_wconf 84' lang='lat' dir='ltr'>fructus</span> <span class='ocrx_word' id='word_1_137' title='bbox 420 1522 609 1555; x_wconf 85' lang='lat' dir='ltr'>celebrata.</span> <span class='ocrx_word' id='word_1_138' title='bbox 654 1525 707 1555; x_wconf 87' lang='lat' dir='ltr'>De</span> <span class='ocrx_word' id='word_1_139' title='bbox 727 1524 846 1565; x_wconf 83' lang='lat' dir='ltr'>quibus</span> <span class='ocrx_word' id='word_1_140' title='bbox 862 1522 968 1556; x_wconf 88' lang='lat' dir='ltr'>Ovid.</span> 
     </span>
     <span class='ocr_line' id='line_1_27' title="bbox 265 1572 970 1615; baseline 0.001 -11"><span class='ocrx_word' id='word_1_141' title='bbox 265 1573 360 1605; x_wconf 77' lang='lat' dir='ltr'>Fast.</span> <span class='ocrx_word' id='word_1_142' title='bbox 389 1581 440 1605; x_wconf 74' lang='lat' dir='ltr'>vr.</span> <span class='ocrx_word' id='word_1_143' title='bbox 462 1572 588 1606; x_wconf 87' lang='lat' dir='ltr'>&#39;Nunc</span> <span class='ocrx_word' id='word_1_144' title='bbox 617 1582 754 1615; x_wconf 86' lang='lat' dir='ltr'>quoque</span> <span class='ocrx_word' id='word_1_145' title='bbox 780 1583 857 1605; x_wconf 88' lang='lat' dir='ltr'>cum</span> <span class='ocrx_word' id='word_1_146' title='bbox 882 1572 970 1605; x_wconf 87' lang='lat' dir='ltr'>fiunt</span> 
     </span>
     <span class='ocr_line' id='line_1_28' title="bbox 265 1623 969 1665; baseline -0.001 -10"><span class='ocrx_word' id='word_1_147' title='bbox 265 1623 417 1665; x_wconf 84' lang='lat' dir='ltr'>antiqnae</span> <span class='ocrx_word' id='word_1_148' title='bbox 449 1632 545 1656; x_wconf 75' lang='lat' dir='ltr'>sacra</span> <span class='ocrx_word' id='word_1_149' title='bbox 576 1623 742 1664; x_wconf 69' lang='lat' dir='ltr'>Vacunae,</span> <span class='ocrx_word' id='word_1_150' title='bbox 778 1623 872 1655; x_wconf 85' lang='lat' dir='ltr'>Ante</span> <span class='ocrx_word' id='word_1_151' title='bbox 901 1623 969 1654; x_wconf 82' lang='lat' dir='ltr'>Va-</span> 
     </span>
     <span class='ocr_line' id='line_1_29' title="bbox 267 1671 969 1716; baseline 0.001 -12"><span class='ocrx_word' id='word_1_152' title='bbox 267 1673 406 1704; x_wconf 83' lang='lat' dir='ltr'>cunales</span> <span class='ocrx_word' id='word_1_153' title='bbox 441 1676 601 1714; x_wconf 82' lang='lat' dir='ltr'>stantque</span> <span class='ocrx_word' id='word_1_154' title='bbox 631 1672 822 1716; x_wconf 84' lang='lat' dir='ltr'>sedentque</span> <span class='ocrx_word' id='word_1_155' title='bbox 854 1671 969 1705; x_wconf 64' lang='lat' dir='ltr'>focos:</span> 
     </span>
     <span class='ocr_line' id='line_1_30' title="bbox 267 1721 972 1764; baseline -0.003 -8"><span class='ocrx_word' id='word_1_156' title='bbox 267 1721 437 1764; x_wconf 85' lang='lat' dir='ltr'>Quicquid</span> <span class='ocrx_word' id='word_1_157' title='bbox 449 1722 506 1762; x_wconf 81' lang='lat' dir='ltr'>sit,</span> <span class='ocrx_word' id='word_1_158' title='bbox 516 1723 693 1754; x_wconf 77' lang='lat' dir='ltr'>vacunam</span> <span class='ocrx_word' id='word_1_159' title='bbox 707 1723 972 1755; x_wconf 80' lang='lat' dir='ltr'>vetustissimam</span> 
     </span>
     <span class='ocr_line' id='line_1_31' title="bbox 268 1770 974 1812; baseline -0.004 -6"><span class='ocrx_word' id='word_1_160' title='bbox 268 1773 470 1806; x_wconf 82' lang='lat' dir='ltr'>Sabinorum</span> <span class='ocrx_word' id='word_1_161' title='bbox 496 1772 606 1804; x_wconf 82' lang='lat' dir='ltr'>Deam</span> <span class='ocrx_word' id='word_1_162' title='bbox 629 1770 733 1804; x_wconf 78' lang='lat' dir='ltr'>fuisse</span> <span class='ocrx_word' id='word_1_163' title='bbox 749 1777 898 1812; x_wconf 78' lang='lat' dir='ltr'>constat,</span> <span class='ocrx_word' id='word_1_164' title='bbox 913 1781 974 1804; x_wconf 86' lang='lat' dir='ltr'>un-</span> 
     </span>
     <span class='ocr_line' id='line_1_32' title="bbox 269 1821 974 1863; baseline -0.003 -8"><span class='ocrx_word' id='word_1_165' title='bbox 269 1823 313 1855; x_wconf 85' lang='lat' dir='ltr'>de</span> <span class='ocrx_word' id='word_1_166' title='bbox 328 1828 365 1854; x_wconf 83' lang='lat' dir='ltr'>et</span> <span class='ocrx_word' id='word_1_167' title='bbox 381 1827 482 1863; x_wconf 82' lang='lat' dir='ltr'>putre</span> <span class='ocrx_word' id='word_1_168' title='bbox 497 1822 570 1863; x_wconf 84' lang='lat' dir='ltr'>ejus</span> <span class='ocrx_word' id='word_1_169' title='bbox 587 1821 702 1853; x_wconf 82' lang='lat' dir='ltr'>fanum</span> <span class='ocrx_word' id='word_1_170' title='bbox 714 1826 828 1854; x_wconf 87' lang='lat' dir='ltr'>vocat.</span> <span class='ocrx_word' id='word_1_171' title='bbox 872 1821 974 1862; x_wconf 86' lang='lat' dir='ltr'>Inge-</span> 
     </span>
     <span class='ocr_line' id='line_1_33' title="bbox 271 1871 976 1913; baseline -0.004 -9"><span class='ocrx_word' id='word_1_172' title='bbox 271 1874 365 1904; x_wconf 78' lang='lat' dir='ltr'>niose</span> <span class='ocrx_word' id='word_1_173' title='bbox 394 1872 499 1913; x_wconf 81' lang='lat' dir='ltr'>igitur</span> <span class='ocrx_word' id='word_1_174' title='bbox 529 1871 577 1902; x_wconf 89' lang='lat' dir='ltr'>ibi</span> <span class='ocrx_word' id='word_1_175' title='bbox 607 1880 664 1902; x_wconf 87' lang='lat' dir='ltr'>rus</span> <span class='ocrx_word' id='word_1_176' title='bbox 702 1881 799 1902; x_wconf 86' lang='lat' dir='ltr'>suum</span> <span class='ocrx_word' id='word_1_177' title='bbox 828 1871 976 1902; x_wconf 87' lang='lat' dir='ltr'>collocat</span> 
     </span>
     <span class='ocr_line' id='line_1_34' title="bbox 272 1920 975 1961; baseline -0.007 -6"><span class='ocrx_word' id='word_1_178' title='bbox 272 1922 386 1955; x_wconf 68' lang='lat' dir='ltr'>Poeta</span> <span class='ocrx_word' id='word_1_179' title='bbox 414 1920 653 1958; x_wconf 81' lang='lat' dir='ltr'>facetissimus,</span> <span class='ocrx_word' id='word_1_180' title='bbox 689 1924 726 1951; x_wconf 90' lang='lat' dir='ltr'>ut</span> <span class='ocrx_word' id='word_1_181' title='bbox 757 1920 814 1961; x_wconf 91' lang='lat' dir='ltr'>qui</span> <span class='ocrx_word' id='word_1_182' title='bbox 847 1920 975 1950; x_wconf 87' lang='lat' dir='ltr'>otiosus</span> 
     </span>
     <span class='ocr_line' id='line_1_35' title="bbox 271 1970 976 2014; baseline -0.009 -7"><span class='ocrx_word' id='word_1_183' title='bbox 271 1975 356 2013; x_wconf 75' lang='lat' dir='ltr'>haee,</span> <span class='ocrx_word' id='word_1_184' title='bbox 365 1977 536 2014; x_wconf 82' lang='lat' dir='ltr'>occupato</span> <span class='ocrx_word' id='word_1_185' title='bbox 550 1972 663 2004; x_wconf 79' lang='lat' dir='ltr'>Romae</span> <span class='ocrx_word' id='word_1_186' title='bbox 678 1970 821 2011; x_wconf 82' lang='lat' dir='ltr'>Aristio,</span> <span class='ocrx_word' id='word_1_187' title='bbox 833 1970 976 2011; x_wconf 84' lang='lat' dir='ltr'>scripse·</span> 
     </span>
     <span class='ocr_line' id='line_1_36' title="bbox 271 2024 497 2056; baseline -0.009 0"><span class='ocrx_word' id='word_1_188' title='bbox 271 2024 329 2056; x_wconf 85' lang='lat' dir='ltr'>rit.</span> <span class='ocrx_word' id='word_1_189' title='bbox 353 2024 497 2055; x_wconf 80' lang='lat' dir='ltr'>Torrent-</span> 
     </span>
    </p>

    <p class='ocr_par' dir='ltr' id='par_1_6' title="bbox 275 2071 979 2208">
     <span class='ocr_line' id='line_1_37' title="bbox 316 2071 977 2115; baseline -0.003 -9"><span class='ocrx_word' id='word_1_190' title='bbox 316 2077 359 2106; x_wconf 83' lang='grc'>60</span> <span class='ocrx_word' id='word_1_191' title='bbox 383 2075 508 2107; x_wconf 79' lang='lat' dir='ltr'>Coetera</span> <span class='ocrx_word' id='word_1_192' title='bbox 523 2073 631 2115; x_wconf 76' lang='lat' dir='ltr'>laetus]</span> <span class='ocrx_word' id='word_1_193' title='bbox 647 2072 791 2105; x_wconf 87' lang='lat' dir='ltr'>Caeteris</span> <span class='ocrx_word' id='word_1_194' title='bbox 805 2071 904 2104; x_wconf 87' lang='lat' dir='ltr'>rebus</span> <span class='ocrx_word' id='word_1_195' title='bbox 918 2071 977 2104; x_wconf 80' lang='lat' dir='ltr'>lae·</span> 
     </span>
     <span class='ocr_line' id='line_1_38' title="bbox 275 2121 979 2165; baseline -0.004 -9"><span class='ocrx_word' id='word_1_196' title='bbox 275 2129 344 2165; x_wconf 80' lang='lat' dir='ltr'>tus,</span> <span class='ocrx_word' id='word_1_197' title='bbox 373 2133 414 2156; x_wconf 89' lang='lat' dir='ltr'>eo</span> <span class='ocrx_word' id='word_1_198' title='bbox 444 2128 576 2155; x_wconf 86' lang='lat' dir='ltr'>tantum</span> <span class='ocrx_word' id='word_1_199' title='bbox 600 2126 761 2164; x_wconf 86' lang='lat' dir='ltr'>excepto,</span> <span class='ocrx_word' id='word_1_200' title='bbox 784 2121 875 2164; x_wconf 83' lang='lat' dir='ltr'>quod</span> <span class='ocrx_word' id='word_1_201' title='bbox 897 2121 979 2154; x_wconf 89' lang='lat' dir='ltr'>mihi</span> 
     </span>
     <span class='ocr_line' id='line_1_39' title="bbox 275 2174 506 2208; baseline -0.017 0"><span class='ocrx_word' id='word_1_202' title='bbox 275 2185 343 2208; x_wconf 84' lang='lat' dir='ltr'>non</span> <span class='ocrx_word' id='word_1_203' title='bbox 359 2174 506 2206; x_wconf 83' lang='lat' dir='ltr'>adesses.</span> 
     </span>
    </p>

    <p class='ocr_par' dir='ltr' id='par_1_7' title="bbox 277 2224 988 2722">
     <span class='ocr_line' id='line_1_40' title="bbox 277 2224 978 2258; baseline -0.004 0"><span class='ocrx_word' id='word_1_204' title='bbox 277 2226 399 2258; x_wconf 64' lang='lat' dir='ltr'>Eas-r.</span> <span class='ocrx_word' id='word_1_205' title='bbox 413 2234 464 2258; x_wconf 75' lang='lat' dir='ltr'>xi.</span> <span class='ocrx_word' id='word_1_206' title='bbox 484 2224 543 2256; x_wconf 89' lang='lat' dir='ltr'>An</span> <span class='ocrx_word' id='word_1_207' title='bbox 552 2225 771 2257; x_wconf 71' lang='grc' dir='ltr'>ΒυιιΑτωΜ</span> <span class='ocrx_word' id='word_1_208' title='bbox 782 2232 978 2256; x_wconf 70' lang='lat' dir='ltr'>navansum</span> 
     </span>
     <span class='ocr_line' id='line_1_41' title="bbox 321 2274 980 2309; baseline -0.005 0"><span class='ocrx_word' id='word_1_209' title='bbox 321 2285 371 2309; x_wconf 74' lang='lat' dir='ltr'>Ex</span> <span class='ocrx_word' id='word_1_210' title='bbox 403 2276 506 2309; x_wconf 75' lang='grc' dir='ltr'><strong>ΑειΑ.</strong></span> <span class='ocrx_word' id='word_1_211' title='bbox 550 2275 606 2307; x_wconf 86' lang='lat' dir='ltr'>Ad</span> <span class='ocrx_word' id='word_1_212' title='bbox 630 2276 710 2307; x_wconf 83' lang='lat' dir='ltr'>vitae</span> <span class='ocrx_word' id='word_1_213' title='bbox 731 2274 980 2307; x_wconf 88' lang='lat' dir='ltr'>beatitudinem</span> 
     </span>
     <span class='ocr_line' id='line_1_42' title="bbox 320 2324 981 2368; baseline -0.005 -10"><span class='ocrx_word' id='word_1_214' title='bbox 320 2327 405 2359; x_wconf 79' lang='lat' dir='ltr'>nihil</span> <span class='ocrx_word' id='word_1_215' title='bbox 435 2327 601 2359; x_wconf 86' lang='lat' dir='ltr'>iuteresse</span> <span class='ocrx_word' id='word_1_216' title='bbox 630 2325 726 2365; x_wconf 88' lang='lat' dir='ltr'>dicit,</span> <span class='ocrx_word' id='word_1_217' title='bbox 746 2335 812 2368; x_wconf 89' lang='lat' dir='ltr'>quo</span> <span class='ocrx_word' id='word_1_218' title='bbox 838 2324 981 2367; x_wconf 90' lang='lat' dir='ltr'>quisque</span> 
     </span>
     <span class='ocr_line' id='line_1_43' title="bbox 324 2375 984 2423; baseline -0.003 -13"><span class='ocrx_word' id='word_1_219' title='bbox 324 2379 401 2411; x_wconf 85' lang='lat' dir='ltr'>loco</span> <span class='ocrx_word' id='word_1_220' title='bbox 429 2378 574 2418; x_wconf 87' lang='lat' dir='ltr'>habitet,</span> <span class='ocrx_word' id='word_1_221' title='bbox 600 2387 701 2423; x_wconf 89' lang='lat' dir='ltr'>quum</span> <span class='ocrx_word' id='word_1_222' title='bbox 721 2377 794 2409; x_wconf 80' lang='lat' dir='ltr'>haec</span> <span class='ocrx_word' id='word_1_223' title='bbox 816 2377 860 2408; x_wconf 84' lang='lat' dir='ltr'>ab</span> <span class='ocrx_word' id='word_1_224' title='bbox 882 2375 984 2408; x_wconf 85' lang='lat' dir='ltr'>animi</span> 
     </span>
     <span class='ocr_line' id='line_1_44' title="bbox 325 2427 985 2471; baseline -0.003 -11"><span class='ocrx_word' id='word_1_225' title='bbox 325 2429 572 2471; x_wconf 81' lang='lat' dir='ltr'>tranquillitate</span> <span class='ocrx_word' id='word_1_226' title='bbox 589 2427 750 2469; x_wconf 84' lang='lat' dir='ltr'>pendeat.</span> <span class='ocrx_word' id='word_1_227' title='bbox 794 2427 906 2459; x_wconf 87' lang='lat' dir='ltr'>Docet</span> <span class='ocrx_word' id='word_1_228' title='bbox 920 2427 985 2458; x_wconf 89' lang='lat' dir='ltr'>eti-</span> 
     </span>
     <span class='ocr_line' id='line_1_45' title="bbox 326 2477 984 2521; baseline -0.003 -11"><span class='ocrx_word' id='word_1_229' title='bbox 326 2489 392 2514; x_wconf 88' lang='lat' dir='ltr'>am,</span> <span class='ocrx_word' id='word_1_230' title='bbox 408 2480 451 2510; x_wconf 92' lang='lat' dir='ltr'>de</span> <span class='ocrx_word' id='word_1_231' title='bbox 467 2479 626 2521; x_wconf 82' lang='lat' dir='ltr'>quopiam</span> <span class='ocrx_word' id='word_1_232' title='bbox 642 2478 718 2510; x_wconf 88' lang='lat' dir='ltr'>loco</span> <span class='ocrx_word' id='word_1_233' title='bbox 733 2481 792 2510; x_wconf 82' lang='lat' dir='ltr'>aut</span> <span class='ocrx_word' id='word_1_234' title='bbox 808 2478 920 2519; x_wconf 86' lang='lat' dir='ltr'>aliquo</span> <span class='ocrx_word' id='word_1_235' title='bbox 937 2477 984 2508; x_wconf 83' lang='lat' dir='ltr'>vi-</span> 
     </span>
     <span class='ocr_line' id='line_1_46' title="bbox 331 2527 987 2571; baseline -0.002 -11"><span class='ocrx_word' id='word_1_236' title='bbox 331 2534 377 2560; x_wconf 74' lang='lat' dir='ltr'>1ae</span> <span class='ocrx_word' id='word_1_237' title='bbox 395 2538 517 2568; x_wconf 78' lang='lat' dir='ltr'>genere</span> <span class='ocrx_word' id='word_1_238' title='bbox 531 2539 596 2560; x_wconf 88' lang='lat' dir='ltr'>non</span> <span class='ocrx_word' id='word_1_239' title='bbox 613 2528 737 2561; x_wconf 84' lang='lat' dir='ltr'>debere</span> <span class='ocrx_word' id='word_1_240' title='bbox 754 2539 773 2561; x_wconf 84' lang='lat' dir='ltr'>a</span> <span class='ocrx_word' id='word_1_241' title='bbox 789 2528 884 2561; x_wconf 82' lang='lat' dir='ltr'>nobis</span> <span class='ocrx_word' id='word_1_242' title='bbox 894 2527 987 2571; x_wconf 84' lang='lat' dir='ltr'>jndi-</span> 
     </span>
     <span class='ocr_line' id='line_1_47' title="bbox 329 2577 988 2612; baseline 0.006 -4"><span class='ocrx_word' id='word_1_243' title='bbox 329 2578 419 2609; x_wconf 88' lang='lat' dir='ltr'>cium</span> <span class='ocrx_word' id='word_1_244' title='bbox 435 2577 507 2609; x_wconf 83' lang='lat' dir='ltr'>fieri</span> <span class='ocrx_word' id='word_1_245' title='bbox 523 2589 566 2610; x_wconf 87' lang='lat' dir='ltr'>ex</span> <span class='ocrx_word' id='word_1_246' title='bbox 588 2579 774 2611; x_wconf 89' lang='lat' dir='ltr'>commodis</span> <span class='ocrx_word' id='word_1_247' title='bbox 790 2584 849 2611; x_wconf 88' lang='lat' dir='ltr'>aut</span> <span class='ocrx_word' id='word_1_248' title='bbox 862 2580 988 2612; x_wconf 88' lang='lat' dir='ltr'>incom-</span> 
     </span>
     <span class='ocr_line' id='line_1_48' title="bbox 331 2627 881 2668; baseline 0.004 -10"><span class='ocrx_word' id='word_1_249' title='bbox 331 2627 439 2658; x_wconf 82' lang='lat' dir='ltr'>modis</span> <span class='ocrx_word' id='word_1_250' title='bbox 455 2637 531 2668; x_wconf 79' lang='lat' dir='ltr'>quae</span> <span class='ocrx_word' id='word_1_251' title='bbox 547 2628 580 2658; x_wconf 87' lang='lat' dir='ltr'>in</span> <span class='ocrx_word' id='word_1_252' title='bbox 597 2630 646 2659; x_wconf 89' lang='lat' dir='ltr'>eis</span> <span class='ocrx_word' id='word_1_253' title='bbox 666 2630 881 2662; x_wconf 83' lang='lat' dir='ltr'>senserimus.</span> 
     </span>
     <span class='ocr_line' id='line_1_49' title="bbox 331 2677 988 2722; baseline 0.006 -13"><span class='ocrx_word' id='word_1_254' title='bbox 331 2677 502 2709; x_wconf 85' lang='lat' dir='ltr'>Bullatius</span> <span class='ocrx_word' id='word_1_255' title='bbox 526 2678 591 2708; x_wconf 89' lang='lat' dir='ltr'>iste</span> <span class='ocrx_word' id='word_1_256' title='bbox 617 2680 691 2720; x_wconf 85' lang='lat' dir='ltr'>quis</span> <span class='ocrx_word' id='word_1_257' title='bbox 717 2680 820 2715; x_wconf 82' lang='lat' dir='ltr'>fuerit</span> <span class='ocrx_word' id='word_1_258' title='bbox 842 2680 988 2722; x_wconf 83' lang='lat' dir='ltr'>ignoro:</span> 
     </span>
    </p>

    <p class='ocr_par' dir='ltr' id='par_1_8' title="bbox 288 2727 990 2764">
     <span class='ocr_line' id='line_1_50' title="bbox 288 2727 990 2764; baseline 0.004 -3"><span class='ocrx_word' id='word_1_259' title='bbox 288 2728 459 2763; x_wconf 77' lang='lat' dir='ltr'>homiuem</span> <span class='ocrx_word' id='word_1_260' title='bbox 477 2727 611 2759; x_wconf 90' lang='lat' dir='ltr'>minime</span> <span class='ocrx_word' id='word_1_261' title='bbox 624 2730 747 2762; x_wconf 84' lang='lat' dir='ltr'>malum</span> <span class='ocrx_word' id='word_1_262' title='bbox 764 2729 867 2764; x_wconf 86' lang='lat' dir='ltr'>fuisse</span> <span class='ocrx_word' id='word_1_263' title='bbox 880 2731 990 2764; x_wconf 86' lang='lat' dir='ltr'>credi·</span> 
     </span>
    </p>
   </div>
   <div class='ocr_carea' id='block_1_3' title="bbox 714 214 1243 247">
    <p class='ocr_par' dir='ltr' id='par_1_9' title="bbox 714 214 1243 247">
     <span class='ocr_line' id='line_1_51' title="bbox 714 214 1243 247; baseline -0.004 0"><span class='ocrx_word' id='word_1_264' title='bbox 714 216 858 247; x_wconf 80' lang='lat' dir='ltr'>NOTAE</span> <span class='ocrx_word' id='word_1_265' title='bbox 892 214 1155 247; x_wconf 80' lang='lat' dir='ltr'>VAR¹0RUM</span> <span class='ocrx_word' id='word_1_266' title='bbox 1194 215 1243 246; x_wconf 82' lang='grc' dir='ltr'>ΙΝ</span> 
     </span>
    </p>
   </div>
   <div class='ocr_carea' id='block_1_4' title="bbox 1000 307 1745 1303">
    <p class='ocr_par' dir='ltr' id='par_1_10' title="bbox 1000 307 1716 797">
     <span class='ocr_line' id='line_1_52' title="bbox 1000 307 1700 354; baseline -0.003 -10"><span class='ocrx_word' id='word_1_267' title='bbox 1000 312 1121 351; x_wconf 83' lang='lat' dir='ltr'>derim,</span> <span class='ocrx_word' id='word_1_268' title='bbox 1136 311 1194 354; x_wconf 83' lang='lat' dir='ltr'>qui</span> <span class='ocrx_word' id='word_1_269' title='bbox 1210 320 1302 351; x_wconf 88' lang='lat' dir='ltr'>cum,</span> <span class='ocrx_word' id='word_1_270' title='bbox 1323 313 1361 342; x_wconf 85' lang='lat' dir='ltr'>ut</span> <span class='ocrx_word' id='word_1_271' title='bbox 1377 307 1503 341; x_wconf 86' lang='lat' dir='ltr'>morosi</span> <span class='ocrx_word' id='word_1_272' title='bbox 1518 309 1628 343; x_wconf 86' lang='lat' dir='ltr'>solent</span> <span class='ocrx_word' id='word_1_273' title='bbox 1641 309 1700 342; x_wconf 86' lang='lat' dir='ltr'>ho·</span> 
     </span>
     <span class='ocr_line' id='line_1_53' title="bbox 1001 358 1701 402; baseline -0.001 -9"><span class='ocrx_word' id='word_1_274' title='bbox 1001 362 1119 402; x_wconf 85' lang='lat' dir='ltr'>mines,</span> <span class='ocrx_word' id='word_1_275' title='bbox 1142 361 1232 393; x_wconf 87' lang='lat' dir='ltr'>forte</span> <span class='ocrx_word' id='word_1_276' title='bbox 1249 359 1415 392; x_wconf 84' lang='lat' dir='ltr'>molestiae</span> <span class='ocrx_word' id='word_1_277' title='bbox 1440 358 1582 401; x_wconf 87' lang='lat' dir='ltr'>alicujus</span> <span class='ocrx_word' id='word_1_278' title='bbox 1595 360 1701 392; x_wconf 77' lang='lat' dir='ltr'>vitan-</span> 
     </span>
     <span class='ocr_line' id='line_1_54' title="bbox 1001 408 1704 453; baseline -0.004 -9"><span class='ocrx_word' id='word_1_279' title='bbox 1001 413 1056 444; x_wconf 82' lang='lat' dir='ltr'>doe</span> <span class='ocrx_word' id='word_1_280' title='bbox 1082 421 1213 448; x_wconf 87' lang='lat' dir='ltr'>caussa,</span> <span class='ocrx_word' id='word_1_281' title='bbox 1234 410 1368 453; x_wconf 85' lang='lat' dir='ltr'>quodve</span> <span class='ocrx_word' id='word_1_282' title='bbox 1391 409 1471 442; x_wconf 87' lang='lat' dir='ltr'>alibi</span> <span class='ocrx_word' id='word_1_283' title='bbox 1495 408 1616 441; x_wconf 81' lang='lat' dir='ltr'>melius</span> <span class='ocrx_word' id='word_1_284' title='bbox 1636 409 1704 442; x_wconf 84' lang='lat' dir='ltr'>sibi</span> 
     </span>
     <span class='ocr_line' id='line_1_55' title="bbox 1002 459 1704 503; baseline -0.004 -9"><span class='ocrx_word' id='word_1_285' title='bbox 1002 462 1153 494; x_wconf 86' lang='lat' dir='ltr'>futurum</span> <span class='ocrx_word' id='word_1_286' title='bbox 1179 466 1350 503; x_wconf 84' lang='lat' dir='ltr'>speraret,</span> <span class='ocrx_word' id='word_1_287' title='bbox 1375 460 1409 492; x_wconf 93' lang='lat' dir='ltr'>in</span> <span class='ocrx_word' id='word_1_288' title='bbox 1426 459 1541 491; x_wconf 81' lang='lat' dir='ltr'>Asiam</span> <span class='ocrx_word' id='word_1_289' title='bbox 1566 459 1704 501; x_wconf 77' lang='lat' dir='ltr'>pulcer·</span> 
     </span>
     <span class='ocr_line' id='line_1_56' title="bbox 1003 510 1716 556; baseline 0 -11"><span class='ocrx_word' id='word_1_290' title='bbox 1003 514 1087 545; x_wconf 87' lang='lat' dir='ltr'>rima</span> <span class='ocrx_word' id='word_1_291' title='bbox 1101 522 1246 556; x_wconf 85' lang='lat' dir='ltr'>quaeque</span> <span class='ocrx_word' id='word_1_292' title='bbox 1262 513 1338 544; x_wconf 81' lang='lat' dir='ltr'>loca</span> <span class='ocrx_word' id='word_1_293' title='bbox 1351 511 1481 544; x_wconf 85' lang='lat' dir='ltr'>visendi</span> <span class='ocrx_word' id='word_1_294' title='bbox 1495 511 1611 543; x_wconf 87' lang='lat' dir='ltr'>studio</span> <span class='ocrx_word' id='word_1_295' title='bbox 1633 510 1716 545; x_wconf 56' lang='lat' dir='ltr'>abb.</span> 
     </span>
     <span class='ocr_line' id='line_1_57' title="bbox 1003 562 1707 604; baseline -0.001 -9"><span class='ocrx_word' id='word_1_296' title='bbox 1003 564 1106 604; x_wconf 80' lang='lat' dir='ltr'>isset3</span> <span class='ocrx_word' id='word_1_297' title='bbox 1131 568 1242 595; x_wconf 88' lang='lat' dir='ltr'>sumta</span> <span class='ocrx_word' id='word_1_298' title='bbox 1269 562 1348 594; x_wconf 87' lang='lat' dir='ltr'>inde</span> <span class='ocrx_word' id='word_1_299' title='bbox 1375 562 1568 602; x_wconf 76' lang='lat' dir='ltr'>occasione,</span> <span class='ocrx_word' id='word_1_300' title='bbox 1589 566 1707 594; x_wconf 86' lang='lat' dir='ltr'>monet</span> 
     </span>
     <span class='ocr_line' id='line_1_58' title="bbox 1004 611 1708 654; baseline -0.004 -8"><span class='ocrx_word' id='word_1_301' title='bbox 1004 623 1080 646; x_wconf 83' lang='lat' dir='ltr'>eum</span> <span class='ocrx_word' id='word_1_302' title='bbox 1098 614 1278 652; x_wconf 81' lang='lat' dir='ltr'>Horatius,</span> <span class='ocrx_word' id='word_1_303' title='bbox 1303 612 1383 644; x_wconf 87' lang='lat' dir='ltr'>nihil</span> <span class='ocrx_word' id='word_1_304' title='bbox 1401 611 1531 644; x_wconf 78' lang='lat' dir='ltr'>referre</span> <span class='ocrx_word' id='word_1_305' title='bbox 1547 621 1615 654; x_wconf 91' lang='lat' dir='ltr'>quo</span> <span class='ocrx_word' id='word_1_306' title='bbox 1631 611 1708 654; x_wconf 82' lang='lat' dir='ltr'>quis</span> 
     </span>
     <span class='ocr_line' id='line_1_59' title="bbox 1003 662 1710 704; baseline -0.004 -8"><span class='ocrx_word' id='word_1_307' title='bbox 1003 663 1079 696; x_wconf 89' lang='lat' dir='ltr'>loco</span> <span class='ocrx_word' id='word_1_308' title='bbox 1093 667 1187 704; x_wconf 84' lang='lat' dir='ltr'>agat,</span> <span class='ocrx_word' id='word_1_309' title='bbox 1199 673 1275 695; x_wconf 89' lang='lat' dir='ltr'>cum</span> <span class='ocrx_word' id='word_1_310' title='bbox 1303 663 1336 694; x_wconf 92' lang='lat' dir='ltr'>in</span> <span class='ocrx_word' id='word_1_311' title='bbox 1363 662 1466 694; x_wconf 87' lang='lat' dir='ltr'>animi</span> <span class='ocrx_word' id='word_1_312' title='bbox 1490 662 1655 704; x_wconf 81' lang='lat' dir='ltr'>aequitate</span> <span class='ocrx_word' id='word_1_313' title='bbox 1671 666 1710 693; x_wconf 85' lang='lat' dir='ltr'>et</span> 
     </span>
     <span class='ocr_line' id='line_1_60' title="bbox 1004 712 1709 757; baseline -0.004 -11"><span class='ocrx_word' id='word_1_314' title='bbox 1004 715 1255 757; x_wconf 85' lang='lat' dir='ltr'>tranquillitate</span> <span class='ocrx_word' id='word_1_315' title='bbox 1297 712 1477 745; x_wconf 88' lang='lat' dir='ltr'>beatitudo</span> <span class='ocrx_word' id='word_1_316' title='bbox 1527 713 1709 745; x_wconf 84' lang='lat' dir='ltr'>consistat.</span> 
     </span>
     <span class='ocr_line' id='line_1_61' title="bbox 1007 765 1690 797; baseline -0.003 0"><span class='ocrx_word' id='word_1_317' title='bbox 1007 765 1152 797; x_wconf 78' lang='lat' dir='ltr'>Tor-rent.</span> <span class='ocrx_word' id='word_1_318' title='bbox 1685 778 1690 784; x_wconf 87' lang='lat'>·</span> 
     </span>
    </p>

    <p class='ocr_par' dir='ltr' id='par_1_11' title="bbox 1007 813 1745 1303">
     <span class='ocr_line' id='line_1_62' title="bbox 1050 813 1710 855; baseline -0.005 -7"><span class='ocrx_word' id='word_1_319' title='bbox 1050 819 1067 847; x_wconf 81' lang='lat'><em>1</em></span> <span class='ocrx_word' id='word_1_320' title='bbox 1095 816 1180 853; x_wconf 78' lang='lat' dir='ltr'>Quid</span> <span class='ocrx_word' id='word_1_321' title='bbox 1198 816 1258 847; x_wconf 80' lang='lat' dir='ltr'>tibi</span> <span class='ocrx_word' id='word_1_322' title='bbox 1281 814 1365 855; x_wconf 76' lang='lat' dir='ltr'>visa]</span> <span class='ocrx_word' id='word_1_323' title='bbox 1389 814 1475 847; x_wconf 85' lang='lat' dir='ltr'>Haee</span> <span class='ocrx_word' id='word_1_324' title='bbox 1497 813 1710 846; x_wconf 82' lang='lat' dir='ltr'>enumeratio</span> 
     </span>
     <span class='ocr_line' id='line_1_63' title="bbox 1007 864 1710 905; baseline -0.007 -6"><span class='ocrx_word' id='word_1_325' title='bbox 1007 868 1160 900; x_wconf 85' lang='lat' dir='ltr'>locorum</span> <span class='ocrx_word' id='word_1_326' title='bbox 1177 866 1357 905; x_wconf 85' lang='lat' dir='ltr'>variorum,</span> <span class='ocrx_word' id='word_1_327' title='bbox 1365 864 1492 897; x_wconf 90' lang='lat' dir='ltr'>indicio</span> <span class='ocrx_word' id='word_1_328' title='bbox 1510 869 1578 905; x_wconf 87' lang='lat' dir='ltr'>est,</span> <span class='ocrx_word' id='word_1_329' title='bbox 1592 864 1710 896; x_wconf 83' lang='lat' dir='ltr'>Bulla·</span> 
     </span>
     <span class='ocr_line' id='line_1_64' title="bbox 1008 914 1714 958; baseline -0.007 -8"><span class='ocrx_word' id='word_1_330' title='bbox 1008 918 1093 951; x_wconf 90' lang='lat' dir='ltr'>tium</span> <span class='ocrx_word' id='word_1_331' title='bbox 1109 916 1214 949; x_wconf 86' lang='lat' dir='ltr'>fuisse</span> <span class='ocrx_word' id='word_1_332' title='bbox 1236 915 1447 958; x_wconf 69' lang='grc' dir='ltr'><strong><em>πολύτροπον,</em></strong></span> <span class='ocrx_word' id='word_1_333' title='bbox 1470 915 1504 947; x_wconf 90' lang='lat' dir='ltr'>id</span> <span class='ocrx_word' id='word_1_334' title='bbox 1522 921 1587 955; x_wconf 86' lang='lat' dir='ltr'>est,</span> <span class='ocrx_word' id='word_1_335' title='bbox 1604 914 1714 946; x_wconf 87' lang='lat' dir='ltr'>homi-</span> 
     </span>
     <span class='ocr_line' id='line_1_65' title="bbox 1009 965 1714 1009; baseline -0.007 -8"><span class='ocrx_word' id='word_1_336' title='bbox 1009 978 1087 1001; x_wconf 85' lang='lat' dir='ltr'>uem</span> <span class='ocrx_word' id='word_1_337' title='bbox 1103 969 1271 1000; x_wconf 81' lang='lat' dir='ltr'>versatilis</span> <span class='ocrx_word' id='word_1_338' title='bbox 1287 967 1426 1009; x_wconf 82' lang='lat' dir='ltr'>ingenii,</span> <span class='ocrx_word' id='word_1_339' title='bbox 1442 966 1485 998; x_wconf 83' lang='lat' dir='ltr'>ad</span> <span class='ocrx_word' id='word_1_340' title='bbox 1501 965 1613 998; x_wconf 85' lang='lat' dir='ltr'>omnia</span> <span class='ocrx_word' id='word_1_341' title='bbox 1636 974 1714 1006; x_wconf 89' lang='lat' dir='ltr'>per-</span> 
     </span>
     <span class='ocr_line' id='line_1_66' title="bbox 1010 1014 1716 1060; baseline -0.004 -10"><span class='ocrx_word' id='word_1_342' title='bbox 1010 1018 1197 1052; x_wconf 85' lang='lat' dir='ltr'>lustranda.</span> <span class='ocrx_word' id='word_1_343' title='bbox 1215 1019 1314 1060; x_wconf 80' lang='lat' dir='ltr'>Cruq.</span> <span class='ocrx_word' id='word_1_344' title='bbox 1345 1017 1431 1054; x_wconf 75' lang='lat' dir='ltr'>Quid</span> <span class='ocrx_word' id='word_1_345' title='bbox 1447 1016 1505 1049; x_wconf 76' lang='lat' dir='ltr'>tibi</span> <span class='ocrx_word' id='word_1_346' title='bbox 1518 1016 1588 1048; x_wconf 76' lang='lat' dir='ltr'>visa</span> <span class='ocrx_word' id='word_1_347' title='bbox 1605 1014 1716 1056; x_wconf 69' lang='lat' dir='ltr'>Chios]</span> 
     </span>
     <span class='ocr_line' id='line_1_67' title="bbox 1012 1065 1745 1107; baseline -0.004 -5"><span class='ocrx_word' id='word_1_348' title='bbox 1012 1069 1103 1103; x_wconf 82' lang='lat' dir='ltr'>Quid</span> <span class='ocrx_word' id='word_1_349' title='bbox 1135 1069 1197 1101; x_wconf 88' lang='lat' dir='ltr'>tibi</span> <span class='ocrx_word' id='word_1_350' title='bbox 1227 1069 1300 1100; x_wconf 83' lang='lat' dir='ltr'>visa</span> <span class='ocrx_word' id='word_1_351' title='bbox 1323 1073 1378 1100; x_wconf 85' lang='lat' dir='ltr'>est</span> <span class='ocrx_word' id='word_1_352' title='bbox 1401 1066 1516 1107; x_wconf 75' lang='lat' dir='ltr'>Chios,</span> <span class='ocrx_word' id='word_1_353' title='bbox 1543 1066 1655 1098; x_wconf 75' lang='lat' dir='ltr'>insula</span> <span class='ocrx_word' id='word_1_354' title='bbox 1680 1065 1715 1097; x_wconf 90' lang='lat' dir='ltr'>in</span> <span class='ocrx_word' id='word_1_355' title='bbox 1734 1091 1745 1099; x_wconf 90' lang='lat'>.</span> 
     </span>
     <span class='ocr_line' id='line_1_68' title="bbox 1012 1115 1718 1158; baseline -0.007 -6"><span class='ocrx_word' id='word_1_356' title='bbox 1012 1120 1098 1152; x_wconf 82' lang='lat' dir='ltr'>mari</span> <span class='ocrx_word' id='word_1_357' title='bbox 1113 1119 1240 1151; x_wconf 86' lang='lat' dir='ltr'>Ionio?</span> <span class='ocrx_word' id='word_1_358' title='bbox 1280 1116 1412 1158; x_wconf 72' lang='lat' dir='ltr'>Lesbos]</span> <span class='ocrx_word' id='word_1_359' title='bbox 1435 1117 1555 1149; x_wconf 82' lang='lat' dir='ltr'>Insula</span> <span class='ocrx_word' id='word_1_360' title='bbox 1578 1116 1613 1150; x_wconf 83' lang='lat' dir='ltr'>in</span> <span class='ocrx_word' id='word_1_361' title='bbox 1630 1115 1718 1148; x_wconf 81' lang='lat' dir='ltr'>mari</span> 
     </span>
     <span class='ocr_line' id='line_1_69' title="bbox 1013 1167 1719 1211; baseline -0.007 -9"><span class='ocrx_word' id='word_1_362' title='bbox 1013 1169 1131 1211; x_wconf 84' lang='lat' dir='ltr'>AEgaeo</span> <span class='ocrx_word' id='word_1_363' title='bbox 1161 1174 1254 1206; x_wconf 89' lang='lat' dir='ltr'>nota,</span> <span class='ocrx_word' id='word_1_364' title='bbox 1277 1168 1313 1200; x_wconf 86' lang='lat' dir='ltr'>id</span> <span class='ocrx_word' id='word_1_365' title='bbox 1335 1173 1403 1208; x_wconf 87' lang='lat' dir='ltr'>est,</span> <span class='ocrx_word' id='word_1_366' title='bbox 1427 1167 1550 1200; x_wconf 88' lang='lat' dir='ltr'>nobilis</span> <span class='ocrx_word' id='word_1_367' title='bbox 1573 1170 1719 1209; x_wconf 84' lang='lat' dir='ltr'>propter</span> 
     </span>
     <span class='ocr_line' id='line_1_70' title="bbox 1015 1216 1720 1262; baseline -0.006 -10"><span class='ocrx_word' id='word_1_368' title='bbox 1015 1220 1170 1252; x_wconf 78' lang='lat' dir='ltr'>Alcaeum</span> <span class='ocrx_word' id='word_1_369' title='bbox 1185 1224 1221 1252; x_wconf 80' lang='lat' dir='ltr'>et</span> <span class='ocrx_word' id='word_1_370' title='bbox 1232 1219 1370 1262; x_wconf 78' lang='lat' dir='ltr'>Sappho</span> <span class='ocrx_word' id='word_1_371' title='bbox 1383 1218 1507 1251; x_wconf 64' lang='lat' dir='ltr'>Poetae</span> <span class='ocrx_word' id='word_1_372' title='bbox 1522 1216 1720 1250; x_wconf 78' lang='lat' dir='ltr'>celebratis-</span> 
     </span>
     <span class='ocr_line' id='line_1_71' title="bbox 1015 1281 1129 1303; baseline -0.009 0"><span class='ocrx_word' id='word_1_373' title='bbox 1015 1281 1129 1303; x_wconf 75' lang='lat' dir='ltr'>simos.</span> 
     </span>
    </p>
   </div>
   <div class='ocr_carea' id='block_1_5' title="bbox 1059 1317 1720 1360">
    <p class='ocr_par' dir='ltr' id='par_1_12' title="bbox 1059 1317 1720 1360">
     <span class='ocr_line' id='line_1_72' title="bbox 1059 1317 1720 1360; baseline -0.006 -7"><span class='ocrx_word' id='word_1_374' title='bbox 1059 1324 1080 1353; x_wconf 85' lang='lat'><strong>2</strong></span> <span class='ocrx_word' id='word_1_375' title='bbox 1105 1321 1266 1352; x_wconf 75' lang='lat' dir='ltr'>Com-iuna</span> <span class='ocrx_word' id='word_1_376' title='bbox 1291 1318 1416 1360; x_wconf 78' lang='lat' dir='ltr'>Samos]</span> <span class='ocrx_word' id='word_1_377' title='bbox 1438 1319 1576 1351; x_wconf 86' lang='lat' dir='ltr'>Samum</span> <span class='ocrx_word' id='word_1_378' title='bbox 1592 1317 1720 1350; x_wconf 85' lang='lat' dir='ltr'>intelli-</span> 
     </span>
    </p>
   </div>
   <div class='ocr_carea' id='block_1_6' title="bbox 1017 1367 1789 1414">
    <p class='ocr_par' dir='ltr' id='par_1_13' title="bbox 1017 1367 1789 1414">
     <span class='ocr_line' id='line_1_73' title="bbox 1017 1367 1789 1414; baseline -0.005 -11"><span class='ocrx_word' id='word_1_379' title='bbox 1017 1382 1061 1414; x_wconf 85' lang='lat' dir='ltr'>ge</span> <span class='ocrx_word' id='word_1_380' title='bbox 1077 1371 1231 1409; x_wconf 86' lang='lat' dir='ltr'>insulam,</span> <span class='ocrx_word' id='word_1_381' title='bbox 1247 1380 1323 1413; x_wconf 85' lang='lat' dir='ltr'>quae</span> <span class='ocrx_word' id='word_1_382' title='bbox 1336 1380 1356 1403; x_wconf 96' lang='lat' dir='ltr'>e</span> <span class='ocrx_word' id='word_1_383' title='bbox 1373 1370 1514 1412; x_wconf 82' lang='lat' dir='ltr'>regione</span> <span class='ocrx_word' id='word_1_384' title='bbox 1526 1368 1654 1411; x_wconf 83' lang='lat' dir='ltr'>Ephesi</span> <span class='ocrx_word' id='word_1_385' title='bbox 1665 1367 1721 1400; x_wconf 90' lang='lat' dir='ltr'>Io·</span> <span class='ocrx_word' id='word_1_386' title='bbox 1787 1393 1789 1395; x_wconf 87' lang='lat'>.</span> 
     </span>
    </p>
   </div>
   <div class='ocr_carea' id='block_1_7' title="bbox 1018 1419 1740 2724">
    <p class='ocr_par' dir='ltr' id='par_1_14' title="bbox 1018 1419 1735 2308">
     <span class='ocr_line' id='line_1_74' title="bbox 1018 1419 1721 1462; baseline -0.006 -8"><span class='ocrx_word' id='word_1_387' title='bbox 1018 1423 1083 1454; x_wconf 84' lang='lat' dir='ltr'>niae</span> <span class='ocrx_word' id='word_1_388' title='bbox 1113 1421 1259 1462; x_wconf 87' lang='lat' dir='ltr'>adjacet,</span> <span class='ocrx_word' id='word_1_389' title='bbox 1288 1421 1494 1462; x_wconf 70' lang='lat' dir='ltr'>Pythagorae</span> <span class='ocrx_word' id='word_1_390' title='bbox 1530 1419 1655 1461; x_wconf 83' lang='lat' dir='ltr'>patria,</span> <span class='ocrx_word' id='word_1_391' title='bbox 1681 1428 1721 1451; x_wconf 88' lang='lat' dir='ltr'>ac</span> 
     </span>
     <span class='ocr_line' id='line_1_75' title="bbox 1020 1469 1722 1514; baseline -0.003 -11"><span class='ocrx_word' id='word_1_392' title='bbox 1020 1473 1110 1505; x_wconf 82' lang='lat' dir='ltr'>vasis</span> <span class='ocrx_word' id='word_1_393' title='bbox 1127 1473 1204 1504; x_wconf 88' lang='lat' dir='ltr'>olim</span> <span class='ocrx_word' id='word_1_394' title='bbox 1219 1471 1393 1510; x_wconf 80' lang='lat' dir='ltr'>fictilibus,</span> <span class='ocrx_word' id='word_1_395' title='bbox 1409 1481 1486 1514; x_wconf 77' lang='lat' dir='ltr'>quae</span> <span class='ocrx_word' id='word_1_396' title='bbox 1501 1470 1616 1503; x_wconf 82' lang='lat' dir='ltr'>Samia</span> <span class='ocrx_word' id='word_1_397' title='bbox 1631 1469 1722 1502; x_wconf 88' lang='lat' dir='ltr'>dice·</span> 
     </span>
     <span class='ocr_line' id='line_1_76' title="bbox 1020 1522 1724 1563; baseline -0.007 -6"><span class='ocrx_word' id='word_1_398' title='bbox 1020 1524 1155 1562; x_wconf 90' lang='lat' dir='ltr'>bantur,</span> <span class='ocrx_word' id='word_1_399' title='bbox 1186 1523 1373 1563; x_wconf 78' lang='lat' dir='ltr'>celebrata,</span> <span class='ocrx_word' id='word_1_400' title='bbox 1396 1527 1433 1555; x_wconf 89' lang='lat' dir='ltr'>et</span> <span class='ocrx_word' id='word_1_401' title='bbox 1456 1522 1583 1556; x_wconf 86' lang='lat' dir='ltr'>Junoni</span> <span class='ocrx_word' id='word_1_402' title='bbox 1606 1530 1724 1560; x_wconf 83' lang='lat' dir='ltr'>sacra;</span> 
     </span>
     <span class='ocr_line' id='line_1_77' title="bbox 1020 1572 1725 1618; baseline -0.007 -10"><span class='ocrx_word' id='word_1_403' title='bbox 1020 1585 1098 1618; x_wconf 84' lang='lat' dir='ltr'>quae</span> <span class='ocrx_word' id='word_1_404' title='bbox 1123 1575 1170 1608; x_wconf 87' lang='lat' dir='ltr'>ibi</span> <span class='ocrx_word' id='word_1_405' title='bbox 1194 1580 1230 1608; x_wconf 90' lang='lat' dir='ltr'>et</span> <span class='ocrx_word' id='word_1_406' title='bbox 1253 1579 1335 1608; x_wconf 84' lang='lat' dir='ltr'>nata</span> <span class='ocrx_word' id='word_1_407' title='bbox 1356 1580 1393 1608; x_wconf 91' lang='lat' dir='ltr'>et</span> <span class='ocrx_word' id='word_1_408' title='bbox 1411 1574 1570 1612; x_wconf 76' lang='lat' dir='ltr'>educata,</span> <span class='ocrx_word' id='word_1_409' title='bbox 1585 1578 1622 1606; x_wconf 88' lang='lat' dir='ltr'>et</span> <span class='ocrx_word' id='word_1_410' title='bbox 1642 1572 1725 1606; x_wconf 83' lang='lat' dir='ltr'>Jovi</span> 
     </span>
     <span class='ocr_line' id='line_1_78' title="bbox 1021 1621 1727 1669; baseline -0.006 -12"><span class='ocrx_word' id='word_1_411' title='bbox 1021 1630 1127 1669; x_wconf 84' lang='lat' dir='ltr'>nupta</span> <span class='ocrx_word' id='word_1_412' title='bbox 1142 1624 1316 1658; x_wconf 75' lang='lat' dir='ltr'>scrIbitur.</span> <span class='ocrx_word' id='word_1_413' title='bbox 1346 1625 1457 1658; x_wconf 80' lang='lat' dir='ltr'>Quam</span> <span class='ocrx_word' id='word_1_414' title='bbox 1480 1624 1491 1642; x_wconf 93' lang='lat'>‘</span> <span class='ocrx_word' id='word_1_415' title='bbox 1505 1621 1727 1656; x_wconf 83' lang='lat' dir='ltr'>concinnam’</span> 
     </span>
     <span class='ocr_line' id='line_1_79' title="bbox 1022 1673 1726 1716; baseline -0.007 -8"><span class='ocrx_word' id='word_1_416' title='bbox 1022 1680 1123 1708; x_wconf 80' lang='lat' dir='ltr'>vocat</span> <span class='ocrx_word' id='word_1_417' title='bbox 1139 1675 1272 1716; x_wconf 70' lang='lat' dir='ltr'>Poeta3</span> <span class='ocrx_word' id='word_1_418' title='bbox 1293 1685 1370 1708; x_wconf 84' lang='lat' dir='ltr'>cum</span> <span class='ocrx_word' id='word_1_419' title='bbox 1386 1675 1429 1707; x_wconf 90' lang='lat' dir='ltr'>ob</span> <span class='ocrx_word' id='word_1_420' title='bbox 1443 1674 1509 1706; x_wconf 91' lang='lat' dir='ltr'>loci</span> <span class='ocrx_word' id='word_1_421' title='bbox 1525 1674 1630 1706; x_wconf 77' lang='lat' dir='ltr'>totius</span> <span class='ocrx_word' id='word_1_422' title='bbox 1656 1673 1726 1704; x_wconf 87' lang='lat' dir='ltr'>ele-</span> 
     </span>
     <span class='ocr_line' id='line_1_80' title="bbox 1024 1721 1726 1768; baseline -0.007 -10"><span class='ocrx_word' id='word_1_423' title='bbox 1024 1726 1188 1768; x_wconf 83' lang='lat' dir='ltr'>gantiam,</span> <span class='ocrx_word' id='word_1_424' title='bbox 1215 1731 1289 1758; x_wconf 85' lang='lat' dir='ltr'>tum</span> <span class='ocrx_word' id='word_1_425' title='bbox 1317 1725 1362 1757; x_wconf 80' lang='lat' dir='ltr'>ad</span> <span class='ocrx_word' id='word_1_426' title='bbox 1380 1724 1563 1757; x_wconf 84' lang='lat' dir='ltr'>discrimen</span> <span class='ocrx_word' id='word_1_427' title='bbox 1585 1721 1726 1755; x_wconf 84' lang='lat' dir='ltr'>alterius</span> 
     </span>
     <span class='ocr_line' id='line_1_81' title="bbox 1024 1771 1731 1816; baseline -0.006 -9"><span class='ocrx_word' id='word_1_428' title='bbox 1024 1775 1176 1816; x_wconf 76' lang='lat' dir='ltr'>ejusdem</span> <span class='ocrx_word' id='word_1_429' title='bbox 1190 1774 1338 1807; x_wconf 81' lang='lat' dir='ltr'>nominis</span> <span class='ocrx_word' id='word_1_430' title='bbox 1354 1774 1484 1811; x_wconf 72' lang='lat' dir='ltr'>insulae,</span> <span class='ocrx_word' id='word_1_431' title='bbox 1499 1783 1578 1816; x_wconf 78' lang='lat' dir='ltr'>quae</span> <span class='ocrx_word' id='word_1_432' title='bbox 1590 1772 1634 1805; x_wconf 87' lang='lat' dir='ltr'>ad</span> <span class='ocrx_word' id='word_1_433' title='bbox 1647 1771 1731 1814; x_wconf 81' lang='lat' dir='ltr'>Epi·</span> 
     </span>
     <span class='ocr_line' id='line_1_82' title="bbox 1025 1821 1730 1865; baseline -0.006 -9"><span class='ocrx_word' id='word_1_434' title='bbox 1025 1834 1099 1856; x_wconf 88' lang='lat' dir='ltr'>rum</span> <span class='ocrx_word' id='word_1_435' title='bbox 1130 1828 1197 1864; x_wconf 89' lang='lat' dir='ltr'>est,</span> <span class='ocrx_word' id='word_1_436' title='bbox 1219 1833 1287 1855; x_wconf 87' lang='lat' dir='ltr'>non</span> <span class='ocrx_word' id='word_1_437' title='bbox 1313 1823 1414 1865; x_wconf 82' lang='lat' dir='ltr'>longe</span> <span class='ocrx_word' id='word_1_438' title='bbox 1437 1821 1480 1855; x_wconf 84' lang='lat' dir='ltr'>ab</span> <span class='ocrx_word' id='word_1_439' title='bbox 1502 1821 1616 1858; x_wconf 84' lang='lat' dir='ltr'>Actio,</span> <span class='ocrx_word' id='word_1_440' title='bbox 1638 1821 1730 1853; x_wconf 82' lang='lat' dir='ltr'>dicta</span> 
     </span>
     <span class='ocr_line' id='line_1_83' title="bbox 1026 1872 1730 1915; baseline 0 -11"><span class='ocrx_word' id='word_1_441' title='bbox 1026 1874 1128 1905; x_wconf 87' lang='lat' dir='ltr'>etiam</span> <span class='ocrx_word' id='word_1_442' title='bbox 1144 1873 1366 1914; x_wconf 77' lang='lat' dir='ltr'>cephalenia,</span> <span class='ocrx_word' id='word_1_443' title='bbox 1404 1874 1460 1905; x_wconf 87' lang='lat' dir='ltr'>De</span> <span class='ocrx_word' id='word_1_444' title='bbox 1476 1877 1621 1915; x_wconf 71' lang='lat' dir='ltr'>utraque</span> <span class='ocrx_word' id='word_1_445' title='bbox 1635 1872 1730 1905; x_wconf 79' lang='lat' dir='ltr'>Stra-</span> 
     </span>
     <span class='ocr_line' id='line_1_84' title="bbox 1027 1922 1730 1964; baseline 0 -10"><span class='ocrx_word' id='word_1_446' title='bbox 1027 1924 1071 1955; x_wconf 89' lang='lat' dir='ltr'>bo</span> <span class='ocrx_word' id='word_1_447' title='bbox 1086 1923 1145 1955; x_wconf 90' lang='lat' dir='ltr'>lib.</span> <span class='ocrx_word' id='word_1_448' title='bbox 1161 1932 1231 1954; x_wconf 85' lang='lat' dir='ltr'>xn.</span> <span class='ocrx_word' id='word_1_449' title='bbox 1265 1922 1335 1954; x_wconf 89' lang='lat' dir='ltr'>Sed</span> <span class='ocrx_word' id='word_1_450' title='bbox 1351 1923 1395 1954; x_wconf 90' lang='lat' dir='ltr'>de</span> <span class='ocrx_word' id='word_1_451' title='bbox 1410 1924 1520 1964; x_wconf 83' lang='lat' dir='ltr'>prima</span> <span class='ocrx_word' id='word_1_452' title='bbox 1534 1923 1605 1964; x_wconf 80' lang='lat' dir='ltr'>agit</span> <span class='ocrx_word' id='word_1_453' title='bbox 1618 1923 1730 1955; x_wconf 84' lang='lat' dir='ltr'>Hora-</span> 
     </span>
     <span class='ocr_line' id='line_1_85' title="bbox 1027 1972 1733 2014; baseline -0.001 -9"><span class='ocrx_word' id='word_1_454' title='bbox 1027 1974 1093 2005; x_wconf 89' lang='lat' dir='ltr'>tius</span> <span class='ocrx_word' id='word_1_455' title='bbox 1105 1984 1114 2013; x_wconf 90' lang='lat'><strong>;</strong></span> <span class='ocrx_word' id='word_1_456' title='bbox 1137 1973 1226 2005; x_wconf 83' lang='lat' dir='ltr'>inter</span> <span class='ocrx_word' id='word_1_457' title='bbox 1237 1982 1337 2014; x_wconf 86' lang='lat' dir='ltr'>quam</span> <span class='ocrx_word' id='word_1_458' title='bbox 1348 1977 1384 2004; x_wconf 91' lang='lat' dir='ltr'>et</span> <span class='ocrx_word' id='word_1_459' title='bbox 1397 1972 1540 2005; x_wconf 73' lang='lat' dir='ltr'>Lesbum</span> <span class='ocrx_word' id='word_1_460' title='bbox 1552 1972 1666 2004; x_wconf 82' lang='lat' dir='ltr'>media</span> <span class='ocrx_word' id='word_1_461' title='bbox 1677 1976 1733 2004; x_wconf 86' lang='lat' dir='ltr'>est</span> 
     </span>
     <span class='ocr_line' id='line_1_86' title="bbox 1029 2021 1732 2065; baseline -0.003 -10"><span class='ocrx_word' id='word_1_462' title='bbox 1029 2023 1145 2063; x_wconf 87' lang='lat' dir='ltr'>Chios,</span> <span class='ocrx_word' id='word_1_463' title='bbox 1176 2032 1253 2065; x_wconf 84' lang='lat' dir='ltr'>quae</span> <span class='ocrx_word' id='word_1_464' title='bbox 1282 2022 1338 2055; x_wconf 87' lang='lat' dir='ltr'>hic</span> <span class='ocrx_word' id='word_1_465' title='bbox 1367 2031 1504 2064; x_wconf 88' lang='lat' dir='ltr'>qnoque</span> <span class='ocrx_word' id='word_1_466' title='bbox 1526 2021 1732 2064; x_wconf 76' lang='lat' dir='ltr'>junguntur.</span> 
     </span>
     <span class='ocr_line' id='line_1_87' title="bbox 1030 2073 1733 2115; baseline -0.003 -9"><span class='ocrx_word' id='word_1_467' title='bbox 1030 2075 1176 2106; x_wconf 70' lang='lat' dir='ltr'>Turrem.</span> <span class='ocrx_word' id='word_1_468' title='bbox 1226 2073 1351 2115; x_wconf 64' lang='lat' dir='ltr'>Samos]</span> <span class='ocrx_word' id='word_1_469' title='bbox 1386 2075 1505 2106; x_wconf 88' lang='lat' dir='ltr'>Samos</span> <span class='ocrx_word' id='word_1_470' title='bbox 1534 2082 1602 2106; x_wconf 83' lang='lat' dir='ltr'>non</span> <span class='ocrx_word' id='word_1_471' title='bbox 1631 2074 1733 2115; x_wconf 80' lang='lat' dir='ltr'>longe</span> 
     </span>
     <span class='ocr_line' id='line_1_88' title="bbox 1029 2124 1734 2165; baseline -0.003 -8"><span class='ocrx_word' id='word_1_472' title='bbox 1029 2124 1137 2158; x_wconf 87' lang='lat' dir='ltr'>distat</span> <span class='ocrx_word' id='word_1_473' title='bbox 1167 2135 1187 2157; x_wconf 91' lang='lat' dir='ltr'>a</span> <span class='ocrx_word' id='word_1_474' title='bbox 1214 2125 1313 2165; x_wconf 86' lang='lat' dir='ltr'>Chio,</span> <span class='ocrx_word' id='word_1_475' title='bbox 1337 2124 1503 2157; x_wconf 86' lang='lat' dir='ltr'>concinna</span> <span class='ocrx_word' id='word_1_476' title='bbox 1525 2128 1563 2157; x_wconf 88' lang='lat' dir='ltr'>et</span> <span class='ocrx_word' id='word_1_477' title='bbox 1586 2133 1734 2163; x_wconf 82' lang='lat' dir='ltr'>amoena,</span> 
     </span>
     <span class='ocr_line' id='line_1_89' title="bbox 1030 2173 1733 2217; baseline 0.003 -11"><span class='ocrx_word' id='word_1_478' title='bbox 1030 2180 1176 2217; x_wconf 82' lang='lat' dir='ltr'>propter</span> <span class='ocrx_word' id='word_1_479' title='bbox 1212 2175 1353 2217; x_wconf 85' lang='lat' dir='ltr'>pulchra</span> <span class='ocrx_word' id='word_1_480' title='bbox 1389 2173 1547 2208; x_wconf 83' lang='lat' dir='ltr'>aedificia.</span> <span class='ocrx_word' id='word_1_481' title='bbox 1605 2174 1733 2216; x_wconf 70' lang='lat' dir='ltr'>Sardis]</span> 
     </span>
     <span class='ocr_line' id='line_1_90' title="bbox 1030 2226 1735 2268; baseline -0.001 -10"><span class='ocrx_word' id='word_1_482' title='bbox 1030 2226 1123 2258; x_wconf 89' lang='lat' dir='ltr'>Urbs</span> <span class='ocrx_word' id='word_1_483' title='bbox 1140 2226 1272 2268; x_wconf 82' lang='lat' dir='ltr'>Lydiae,</span> <span class='ocrx_word' id='word_1_484' title='bbox 1286 2226 1322 2258; x_wconf 87' lang='lat' dir='ltr'>in</span> <span class='ocrx_word' id='word_1_485' title='bbox 1341 2235 1409 2268; x_wconf 85' lang='lat' dir='ltr'>qua</span> <span class='ocrx_word' id='word_1_486' title='bbox 1423 2235 1484 2257; x_wconf 86' lang='lat' dir='ltr'>rex</span> <span class='ocrx_word' id='word_1_487' title='bbox 1500 2226 1637 2259; x_wconf 86' lang='lat' dir='ltr'>Croesus</span> <span class='ocrx_word' id='word_1_488' title='bbox 1653 2233 1735 2258; x_wconf 88' lang='lat' dir='ltr'>con·</span> 
     </span>
     <span class='ocr_line' id='line_1_91' title="bbox 1031 2275 1179 2308; baseline -0.007 0"><span class='ocrx_word' id='word_1_489' title='bbox 1031 2275 1179 2308; x_wconf 85' lang='lat' dir='ltr'>sidebat.</span> 
     </span>
    </p>

    <p class='ocr_par' dir='ltr' id='par_1_15' title="bbox 1034 2325 1740 2724">
     <span class='ocr_line' id='line_1_92' title="bbox 1075 2325 1735 2368; baseline -0.002 -11"><span class='ocrx_word' id='word_1_490' title='bbox 1075 2329 1094 2357; x_wconf 77' lang='lat'>3</span> <span class='ocrx_word' id='word_1_491' title='bbox 1110 2326 1262 2368; x_wconf 77' lang='lat' dir='ltr'>Smyrna]</span> <span class='ocrx_word' id='word_1_492' title='bbox 1277 2326 1406 2358; x_wconf 87' lang='lat' dir='ltr'>Civitas</span> <span class='ocrx_word' id='word_1_493' title='bbox 1419 2325 1541 2358; x_wconf 80' lang='lat' dir='ltr'>Iouiae.</span> <span class='ocrx_word' id='word_1_494' title='bbox 1565 2325 1735 2367; x_wconf 74' lang='lat' dir='ltr'>Colophon]</span> 
     </span>
     <span class='ocr_line' id='line_1_93' title="bbox 1034 2376 1736 2417; baseline -0.004 -7"><span class='ocrx_word' id='word_1_495' title='bbox 1034 2377 1210 2417; x_wconf 83' lang='lat' dir='ltr'>Colophon</span> <span class='ocrx_word' id='word_1_496' title='bbox 1223 2381 1277 2409; x_wconf 89' lang='lat' dir='ltr'>est</span> <span class='ocrx_word' id='word_1_497' title='bbox 1292 2377 1372 2408; x_wconf 88' lang='lat' dir='ltr'>urbs</span> <span class='ocrx_word' id='word_1_498' title='bbox 1387 2377 1421 2408; x_wconf 90' lang='lat' dir='ltr'>in</span> <span class='ocrx_word' id='word_1_499' title='bbox 1431 2376 1619 2414; x_wconf 84' lang='lat' dir='ltr'>lonia,non</span> <span class='ocrx_word' id='word_1_500' title='bbox 1635 2376 1736 2417; x_wconf 78' lang='lat' dir='ltr'>longe</span> 
     </span>
     <span class='ocr_line' id='line_1_94' title="bbox 1035 2425 1737 2469; baseline -0.001 -10"><span class='ocrx_word' id='word_1_501' title='bbox 1035 2437 1055 2459; x_wconf 86' lang='lat' dir='ltr'>a</span> <span class='ocrx_word' id='word_1_502' title='bbox 1081 2427 1255 2460; x_wconf 84' lang='lat' dir='ltr'>Sardibus.</span> <span class='ocrx_word' id='word_1_503' title='bbox 1297 2427 1424 2469; x_wconf 74' lang='lat' dir='ltr'>Major-a</span> <span class='ocrx_word' id='word_1_504' title='bbox 1450 2427 1611 2459; x_wconf 71' lang='lat' dir='ltr'>minora-e</span> <span class='ocrx_word' id='word_1_505' title='bbox 1627 2425 1737 2467; x_wconf 78' lang='lat' dir='ltr'>samo]</span> 
     </span>
     <span class='ocr_line' id='line_1_95' title="bbox 1034 2477 1738 2521; baseline -0.001 -10"><span class='ocrx_word' id='word_1_506' title='bbox 1034 2479 1202 2521; x_wconf 86' lang='lat' dir='ltr'>Nunquid</span> <span class='ocrx_word' id='word_1_507' title='bbox 1228 2478 1361 2521; x_wconf 76' lang='lat' dir='ltr'>majora</span> <span class='ocrx_word' id='word_1_508' title='bbox 1387 2478 1443 2510; x_wconf 83' lang='lat' dir='ltr'>vel</span> <span class='ocrx_word' id='word_1_509' title='bbox 1480 2477 1610 2511; x_wconf 78' lang='lat' dir='ltr'>minora</span> <span class='ocrx_word' id='word_1_510' title='bbox 1646 2482 1738 2514; x_wconf 82' lang='lat' dir='ltr'>sunt.</span> 
     </span>
     <span class='ocr_line' id='line_1_96' title="bbox 1037 2526 1738 2571; baseline -0.001 -11"><span class='ocrx_word' id='word_1_511' title='bbox 1037 2539 1136 2571; x_wconf 86' lang='lat' dir='ltr'>quam</span> <span class='ocrx_word' id='word_1_512' title='bbox 1165 2527 1258 2561; x_wconf 85' lang='lat' dir='ltr'>fama</span> <span class='ocrx_word' id='word_1_513' title='bbox 1286 2527 1500 2571; x_wconf 81' lang='lat' dir='ltr'>divulgavit?</span> <span class='ocrx_word' id='word_1_514' title='bbox 1552 2526 1738 2568; x_wconf 70' lang='lat' dir='ltr'>Minor-nne]</span> 
     </span>
     <span class='ocr_line' id='line_1_97' title="bbox 1037 2577 1739 2616; baseline -0.004 -4"><span class='ocrx_word' id='word_1_515' title='bbox 1037 2579 1130 2612; x_wconf 88' lang='lat' dir='ltr'>Libri</span> <span class='ocrx_word' id='word_1_516' title='bbox 1157 2579 1262 2612; x_wconf 86' lang='lat' dir='ltr'>nostri</span> <span class='ocrx_word' id='word_1_517' title='bbox 1290 2589 1405 2611; x_wconf 86' lang='lat' dir='ltr'>omnes</span> <span class='ocrx_word' id='word_1_518' title='bbox 1425 2578 1607 2616; x_wconf 57' lang='lat' dir='ltr'>mimi-oon</span> <span class='ocrx_word' id='word_1_519' title='bbox 1640 2582 1678 2609; x_wconf 93' lang='lat' dir='ltr'>et</span> <span class='ocrx_word' id='word_1_520' title='bbox 1702 2577 1739 2609; x_wconf 87' lang='lat' dir='ltr'>in</span> 
     </span>
     <span class='ocr_line' id='line_1_98' title="bbox 1036 2628 1740 2674; baseline -0.001 -13"><span class='ocrx_word' id='word_1_521' title='bbox 1036 2639 1138 2662; x_wconf 75' lang='lat' dir='ltr'>versu</span> <span class='ocrx_word' id='word_1_522' title='bbox 1154 2630 1311 2672; x_wconf 84' lang='lat' dir='ltr'>sequenti</span> <span class='ocrx_word' id='word_1_523' title='bbox 1335 2630 1442 2662; x_wconf 90' lang='lat' dir='ltr'>multo</span> <span class='ocrx_word' id='word_1_524' title='bbox 1472 2629 1593 2674; x_wconf 85' lang='lat' dir='ltr'>plures.</span> <span class='ocrx_word' id='word_1_525' title='bbox 1603 2628 1740 2661; x_wconf 73' lang='lat' dir='ltr'>Cuncta-</span> 
     </span>
     <span class='ocr_line' id='line_1_99' title="bbox 1039 2681 1384 2724; baseline 0 -11"><span class='ocrx_word' id='word_1_526' title='bbox 1039 2691 1109 2724; x_wconf 76' lang='lat' dir='ltr'>que,</span> <span class='ocrx_word' id='word_1_527' title='bbox 1126 2690 1188 2721; x_wconf 84' lang='lat' dir='ltr'>pro</span> <span class='ocrx_word' id='word_1_528' title='bbox 1213 2681 1384 2713; x_wconf 77' lang='lat' dir='ltr'>Cunctane.</span> 
     </span>
    </p>
   </div>
   <div class='ocr_carea' id='block_1_8' title="bbox 1082 2730 1740 2775">
    <p class='ocr_par' dir='ltr' id='par_1_16' title="bbox 1082 2730 1740 2775">
     <span class='ocr_line' id='line_1_100' title="bbox 1082 2730 1740 2775; baseline -0.006 -10"><span class='ocrx_word' id='word_1_529' title='bbox 1082 2736 1103 2765; x_wconf 83' lang='grc'><strong>4</strong></span> <span class='ocrx_word' id='word_1_530' title='bbox 1128 2732 1288 2764; x_wconf 74' lang='lat' dir='ltr'>Cunctane</span> <span class='ocrx_word' id='word_1_531' title='bbox 1310 2742 1378 2775; x_wconf 83' lang='lat' dir='ltr'>proe</span> <span class='ocrx_word' id='word_1_532' title='bbox 1402 2730 1524 2774; x_wconf 81' lang='lat' dir='ltr'>campo]</span> <span class='ocrx_word' id='word_1_533' title='bbox 1547 2730 1600 2765; x_wconf 84' lang='lat' dir='ltr'>An</span> <span class='ocrx_word' id='word_1_534' title='bbox 1616 2734 1740 2763; x_wconf 86' lang='lat' dir='ltr'>cuncta</span> 
     </span>
    </p>
   </div>
  </div>
 </body>
</html>
