1858 3184
592 265 639 302 Q.
671 227 884 302 noa‘rru
926 262 1123 294 nacci.
1468 251 1583 294 1915

193 354 295 392 1580
322 352 361 390 J.
380 351 454 391 Th.
474 351 615 402 Freigii
633 352 858 388 comment.
881 349 922 386 in
942 349 1081 400 Lyrica
1097 347 1267 386 Horatii.
1285 347 1411 385 Bazil.
1431 350 1472 387 8.
1529 349 1582 388 Et

133 413 198 454 hic
215 423 279 457 est
294 416 335 454 in
349 413 713 455 Henrieo-Petrina.
1143 399 1163 412 ’

189 501 242 508 -
269 479 409 518 Franc.
429 478 578 517 Luisini
596 475 854 529 Pamphmis
871 475 912 513 in
933 473 1030 513 Hor.
1051 473 1175 512 Basil.
1196 475 1236 511 8.

188 565 244 574 --
267 542 360 582 Jani
378 543 528 581 Dousae
545 541 586 579 in
603 552 745 580 novam
766 539 819 584 Q.
836 538 889 576 Η.
910 537 958 576 1².
976 536 1190 576 editionem
1210 537 1581 578 Commentariolns.

135 605 197 644 Ex
213 606 318 649 offic.
349 606 497 645 Christ.
529 604 703 645 Flamin.
733 603 856 642 AntV.
878 601 943 640 16.
980 600 1231 640 Succidanea
1262 600 1316 640 ad
1351 614 1455 649 enm,
1482 602 1581 641 ibid.

135 669 257 708 1582.
278 670 343 708 16.

186 754 241 762 -—-
267 732 319 778 Q.
334 731 390 771 Η.
410 731 455 769 F.
474 743 566 770 cnm
584 727 755 768 Scholiis
772 727 848 768 Th.
868 727 1096 767 Pulmanni.
1112 728 1302 780 Antverp.
1327 729 1391 767 16.

188 796 287 836 1581
316 794 370 840 Q.
389 793 441 833 H.
462 794 510 833 F.
524 793 601 832 Th.
620 792 831 832 Pulmanni
851 792 1059 831 Annotatt.
1078 791 1247 844 adjecta
1267 799 1377 839 sunt,
1390 799 1583 843 preterea

128 871 343 905 wilm
373 871 534 913 genera,
564 857 713 909 (ἴσως.
746 855 916 895 Fabricii
950 869 1067 908 argg.
1104 855 1238 902 index,
1267 858 1344 896 διο.
1393 855 1454 893 Ex
1472 855 1579 894 offic.

130 918 442 974 Brylingeriaua.
459 921 583 961 Basil-
602 922 643 960 8.
1478 930 1482 934 ’

180 1007 237 1016 -
263 985 401 1025 lamb.
421 984 561 1024 Ludol.
581 983 777 1036 Pithopoei
800 983 1060 1036 Paraphrasis
1089 985 1128 1022 in
1149 983 1303 1023 Horatii
1333 984 1467 1037 Satyr.
1487 996 1519 1022 1.
1539 991 1581 1022 et

133 1061 186 1089 n.
204 1048 293 1088 libri
309 1049 464 1100 prioris.
482 1048 669 1087 Heidelb.
689 1050 730 1087 8.

187 1113 291 1151 1582
318 1112 452 1164 Opera
467 1112 612 1157 omnia,
631 1125 682 1150 ex
712 1111 869 1151 emend.
899 1120 940 1150 et
969 1125 1006 1151 c.
1025 1118 1254 1150 commentt.
1288 1111 1379 1150 Pet.
1411 1109 1577 1150 Gnalth.

134 1174 335 1221 Chabofii,
349 1188 421 1226 per
438 1174 567 1227 AEgid.
585 1175 703 1226 Beys.
722 1174 851 1213 Paris.
872 1176 911 1213 8.

184 1259 240 1267 -
267 1238 417 1276 Eadem
435 1237 620 1299 Qbotii
636 1237 702 1276 ed.
720 1251 873 1278 recusa.
893 1238 1016 1277 Basil.
1036 1240 1076 1278 8.

183 1323 240 1329 —
264 1300 314 1339 P.
331 1301 384 1340 G.
403 1300 585 1340 Chabotii
619 1302 815 1353 expositio
850 1301 1051 1353 analytica
1079 1308 1122 1340 et
1150 1301 1281 1339 brevis
1317 1301 1360 1339 in
1392 1302 1580 1340 universa

131 1363 184 1408 Q.
204 1363 257 1402 H.
276 1363 323 1403 F.
340 1365 538 1416 poemata,
569 1377 634 1415 ap.
651 1365 815 1404 Martin.
845 1364 1051 1404 Juvenem.
1069 1363 1198 1403 Paris.
1218 1365 1259 1403 8.
1277 1363 1463 1403 Chabotii
1482 1364 1577 1404 edd.

128 1439 294 1478 quarum
310 1424 375 1467 ho.
394 1436 488 1466 sunt
505 1428 657 1480 primae,
690 1428 847 1468 critices
866 1429 1002 1469 usibus
1020 1427 1139 1480 plane
1155 1428 1310 1480 ineptas
1325 1436 1367 1466 et
1385 1428 1576 1468 incertum

117 1486 237 1530 'nude
253 1504 459 1544 expressas
477 1491 574 1530 dicit
590 1491 698 1532 Jani.

179 1577 236 1584 —
261 1555 315 1601 Q.
334 1555 386 1592 H.
407 1555 455 1594 F.
483 1567 575 1593 cum
604 1555 772 1595 scholiis
803 1556 950 1594 Mureti
982 1563 1024 1594 et
1059 1555 1345 1596 animadterss.
1377 1555 1504 1603 Bruti,
1537 1563 1579 1594 et

128 1618 220 1661 Aldi
236 1619 407 1659 Uenutii
424 1618 475 1656 de
494 1619 635 1658 Mettis
654 1619 795 1658 Horat.
842 1618 959 1670 Apud
978 1618 1220 1671 Aldumjnn.
1239 1619 1383 1659 Venet.
1404 1622 1443 1657 8.

181 1704 237 1710 -
262 1682 314 1726 Q.
351 1682 405 1720 H.
440 1681 486 1720 F.
519 1695 611 1720 cum
647 1682 740 1720 Aldi
774 1682 945 1720 Manutii
981 1690 1023 1720 et
1055 1682 1151 1720 Ant.
1188 1683 1336 1720 Mureti
1381 1688 1578 1721 annotatt.

130 1744 260 1796 Lngd.
279 1746 321 1785 8.
945 1757 967 1762 ‘⁷

182 1829 238 1836 —-
246 1807 489 1846 Jo.'1'hom.
520 1806 663 1858 Freigii
693 1806 962 1858 Paedagogus,
994 1820 1064 1860 per
1097 1808 1256 1846 Sebast.
1287 1808 1455 1847 Henric-
1457 1808 1579 1849 Petri.

130 1870 255 1910 Banil.
274 1870 416 1908 8.—-In
448 1870 523 1909 hoc
553 1869 653 1908 libro
680 1883 720 1922 p.
754 1872 847 1911 215.
882 1869 962 1910 Od.
996 1873 1033 1910 1.
1053 1873 1093 1910 2.
1122 1879 1163 1910 et
1181 1873 1222 1911 3.
1240 1871 1329 1910 libri
1348 1885 1382 1911 ι.
1409 1872 1578 1920 Horatii,

130 1932 302 1972 numeris
317 1933 479 1972 musicis
496 1934 548 1972 ab
562 1946 612 1972 eo
630 1933 834 1986 disposite
852 1934 1119 1974 inveniuntur.

180 2017 236 2024 —
260 1996 406 2048 Opera,
423 2009 515 2035 cum
544 1996 648 2035 notis
675 1997 828 2036 Theod.
847 1997 1060 2036 Pulmanni
1090 2005 1132 2037 et
1157 1998 1251 2037 Jaui
1271 1997 1420 2038 Doueoe
1436 2001 1575 2052 patris.

117 2056 191 2097 Ex
205 2059 309 2098 offic.
328 2059 475 2100 Christ.
494 2059 682 2100 Plautini.
702 2061 823 2100 Antv.
848 2063 909 2100 12.

185 2123 288 2161 1583
313 2123 391 2162 An
408 2123 576 2175 poetica,
605 2123 659 2162 ad
689 2125 732 2164 J.
752 2124 867 2163 Rami
887 2125 1144 2164 Dialecticam
1170 2133 1211 2165 et
1241 2125 1495 2166 Rhetoricam
1515 2140 1576 2166 re-

126 2185 269 2234 soluta,
285 2186 415 2225 studio
433 2186 558 2227 Andr.
579 2188 731 2240 Kragii,
748 2201 819 2240 per
839 2189 931 2228 seb.
953 2189 1242 2229 Henric-Petri.
1264 2190 1386 2230 Basil.
1405 2194 1445 2230 4.

178 2272 234 2279 —
258 2251 456 2299 Carmina,
474 2264 566 2290 cum
582 2251 753 2291 Scholiis
771 2260 812 2292 et
829 2253 1102 2305 Argumentis.
1122 2253 1249 2292 Paris.
1269 2257 1310 2293 4.

183 2314 287 2352 1584
313 2314 573 2353 Bernhardini
607 2315 807 2355 Parthenii
843 2317 1022 2369 Spilimb.
1059 2319 1100 2355 in
1134 2317 1186 2370 Q.
1222 2318 1276 2354 H.
1308 2317 1354 2356 F.
1386 2317 1576 2356 Carmina

128 2382 249 2428 atque
278 2377 441 2431 Epodos
475 2378 770 2427 commentarii,
797 2381 939 2432 quibus
970 2383 1099 2433 poetoe
1128 2381 1333 2419 artificium
1364 2388 1407 2419 et
1435 2380 1501 2419 via
1519 2380 1573 2419 ad

121 2438 382 2490 ‚imitationem
396 2447 514 2492 atque
532 2440 584 2479 ad
594 2442 746 2492 poetice
765 2444 1015 2484 scribendum
1033 2444 1204 2496 aperitur
1221 2457 1231 2481 :
1252 2456 1341 2482 cum
1355 2442 1571 2495 privileg-io.

129 2501 249 2552 Apud
274 2503 523 2543 Dominicum
555 2504 793 2546 Nicolinnm.
818 2508 961 2548 venet.
985 2507 1145 2546 4.-—De
1178 2520 1226 2545 eo
1264 2507 1322 2545 sic
1354 2506 1573 2551 Morhofins

130 2563 272 2617 Polyb.
290 2565 404 2604 Tom.
423 2580 455 2605 1.
474 2567 560 2607 Lib.
580 2581 643 2607 ιν.
661 2582 699 2608 c.
722 2571 785 2609 11.
804 2581 823 2626 ς
846 2573 909 2612 15.
931 2572 978 2610 Β.
1022 2576 1033 2593 ‘
1049 2570 1302 2617 Parthenius,
1315 2571 1385 2623 qni
1415 2577 1569 2611 tantum

122 2627 357 2667 'Cm'minum
374 2636 494 2681 atque
520 2630 685 2683 Epodon
712 2633 832 2675 libros
862 2636 1006 2686 attigit,
1037 2641 1118 2673 tam
1150 2633 1278 2672 solide
1295 2640 1337 2672 et
1365 2633 1567 2688 eleganter

129 2690 319 2731 advena·
351 2693 594 2746 scaligerum
610 2698 740 2736 omnia
758 2698 841 2746 illa,
871 2712 962 2750 quae
982 2705 1067 2736 atro
1086 2698 1162 2736 iste
1180 2697 1318 2750 lapillo
1348 2704 1568 2745 notaverat,

126 2755 354 2803 vindicavit,
371 2765 416 2796 nt
431 2758 495 2796 vix
508 2759 678 2807 credam,
690 2760 840 2804 hiscere
858 2762 1046 2800 adversus
1059 2761 1170 2800 illum
1184 2774 1408 2814 quenquam
1420 2763 1566 2814 posse!

122 2817 264 2860 Pauca
293 2821 527 2874 exemplaria
543 2836 690 2863 excusa
707 2838 809 2872 esse,
828 2839 877 2864 ex
909 2838 957 2865 eo
974 2833 1148 2878 apparet,
1168 2825 1275 2877 quod
1305 2825 1444 2865 eodem
1480 2839 1565 2865 mo·
