1858 3184
272 220 386 262 2018
712 232 967 263 necessus
1001 232 1286 264 ΕυιτιοΝυΜ

274 329 506 371 Monsieur
546 330 765 381 Blondell,
807 335 962 384 postea
1002 331 1188 385 Anglice
1228 344 1373 382 versa,
1414 331 1559 374 Lond.
1587 334 1713 378 lfflo.

271 396 398 439 1696.
417 397 517 438 Svo.

272 498 273 501 ,
326 463 566 515 Quaternae
584 463 822 517 Epistolae:
843 464 987 517 prima
1000 468 1043 505 et
1057 464 1263 505 secunda
1275 464 1331 505 ad
1346 438 1588 506 Ricardum
1602 425 1718 507 Ben-

269 531 439 579 tleium,
470 531 596 571 tertia
630 531 687 571 ad
717 531 877 572 Ezech.
899 532 1228 584 Spanhemium‚
1264 535 1420 586 quarta
1445 531 1501 572 ad
1522 531 1716 573 Ludovi·

270 611 371 639 cum
394 597 663 639 Fridericum
683 598 918 639 Bonetum.
942 598 1085 638 Lond.
1108 599 1235 639 1713.
1253 599 1357 640 Svo.

327 663 577 705 Comment.
599 665 644 705 in
664 665 884 718 quandam
911 665 1088 706 Horatii
1109 664 1251 715 Oden,
1274 666 1318 706 in
1338 679 1426 719 qua
1445 668 1600 706 auctor
1620 679 1719 720 pro·

270 731 375 772 bare
395 734 551 780 tentat,
580 731 763 773 Horatii
790 732 1016 773 Bacchum
1037 745 1138 773 esse
1156 732 1187 773 J
1190 732 1416 774 udaeorum
1435 731 1465 773 J
1468 732 1669 782 ehovam,
1690 746 1718 775 a
1749 779 1751 781 ,

269 797 434 838 ceiebri
454 796 732 851 Antiquario,
755 797 864 839 Gul.
885 797 1115 852 Stukoley,
1134 799 1179 839 in
1201 798 1542 852 Palaeographia
1563 798 1717 848 Sacra,

269 864 414 904 Lond.
435 864 561 906 1736.
581 866 675 906 4to.

328 930 393 971 M.
420 931 470 971 Ι..
493 931 750 986 Cupmartin
780 934 834 974 de
865 924 1267 986 Chaupy¹scripsit
1292 933 1347 974 de
1368 931 1493 974 Villa
1522 932 1715 981 Horatii,

269 1011 328 1038 ou
350 998 628 1040 Decouverte
647 999 702 1039 de
723 1000 770 1040 la
791 999 968 1040 Maison
994 1000 1048 1040 de
1074 999 1325 1052 Campagne
1344 999 1386 1040 d’
1403 999 1601 1048 Horace,
1623 998 1717 1040 Ro-

267 1077 352 1105 mae
380 1064 510 1104 1796.
532 1064 633 1104 Svo.
693 1066 763 1106 De
791 1066 945 1106 eadem
968 1078 1014 1106 re
1034 1066 1165 1106 etiam
1190 1066 1415 1106 Dominici
1440 1065 1497 1106 de
1524 1066 1718 1114 Sanctis,

268 1131 314 1169 in
337 1130 666 1175 Dissertazione
700 1144 835 1184 sopra
854 1132 900 1172 la
925 1131 1049 1172 Villa
1075 1131 1121 1172 di
1150 1130 1313 1172 Orazio
1341 1121 1522 1180 Flacco,
1555 1131 1716 1173 Romae

267 1197 395 1238 1761.
410 1197 497 1237 cito.
529 1196 711 1238 Recusa
726 1198 836 1239 ibid.
849 1198 977 1240 1768.
1014 1199 1237 1240 Dominici
1254 1199 1309 1239 de
1327 1199 1504 1240 Sanctis
1521 1198 1719 1250 vulgavit

268 1264 405 1304 alium
436 1264 607 1313 librum,
626 1265 671 1304 in
700 1278 790 1318 qua
810 1265 1036 1306 confirmat
1055 1266 1329 1312 sententiam,
1351 1278 1483 1319 quam
1509 1265 1555 1306 in
1586 1265 1717 1319 priori

269 1330 544 1385 propagavit,
567 1329 797 1372 Ravennae
821 1330 947 1372 1784.
969 1332 1059 1372 4t0.

326 1394 504 1437 Criticae
527 1395 874 1438 Observationes
894 1397 940 1437 in
963 1397 1214 1447 Horatium,
1232 1411 1312 1451 per
1327 1397 1358 1438 J
1366 1427 1376 1438 .
1401 1397 1431 1438 J
1435 1397 1562 1446 attin,
1583 1397 1641 1438 D.
1658 1398 1714 1438 D.

269 1463 313 1502 in
332 1461 637 1503 Miscellaneis
650 1463 746 1517 ejus
761 1463 1046 1516 philologieis
1060 1468 1103 1504 et
1115 1465 1298 1505 criticis.
1318 1463 1456 1505 Lond.
1470 1463 1570 1504 Svo.
1587 1464 1715 1505 1790.

326 1528 417 1569 His
439 1528 656 1569 addantur
673 1529 784 1570 Vita
804 1529 984 1570 Horatii
1009 1530 1054 1569 in
1081 1529 1199 1571 Vitis
1223 1531 1522 1572 Romanorum
1550 1530 1717 1571 Poeta-

268 1607 364 1636 rum
396 1608 475 1648 per
506 1595 557 1636 L.
579 1595 801 1645 Crusium‚
832 1595 974 1636 Lond.
1005 1597 1134 1639 1726.
1162 1597 1264 1639 8vo.
1287 1602 1332 1639 et
1367 1598 1413 1638 in
1444 1596 1714 1650 Biographia

267 1661 484 1711 Classica,
515 1661 659 1703 Lond.
675 1663 801 1703 1740.
820 1662 919 1704 Svo.

326 1727 503 1770 Criticae
531 1729 739 1783 quaedam
763 1729 1114 1772 Observationes
1143 1731 1187 1771 in
1215 1731 1467 1780 Horatium,
1499 1730 1714 1784 subjectae

267 1795 506 1849 poematiis
526 1797 685 1850 partim
705 1797 860 1838 Latine
882 1797 1077 1851 scriptis,
1098 1799 1258 1851 partim
1279 1797 1477 1848 redditis,
1498 1809 1576 1850 per
1596 1796 1715 1838 Gilb.

266 1862 534 1913 Wakefield,
549 1862 663 1904 Coll.
685 1863 715 1905 J
719 1876 780 1905 es
800 1865 986 1915 socium,
1004 1864 1191 1907 Cantab.
1213 1865 1338 1906 1776.
1353 1866 1443 1906 aito.
1459 1865 1562 1905 min.

325 1929 453 1970 Rene
481 1929 532 1970 D’
535 1929 686 1970 Auber
705 1930 760 1970 de
780 1929 952 1979 Vertot,
974 1931 1020 1970 in
1050 1932 1375 1972 Dissertatione
1396 1931 1452 1981 de
1474 1930 1715 1972 Characte-

265 1996 389 2036 ribus
408 1995 613 2046 Augusti,
638 1996 831 2045 Horatii,
850 1996 1083 2050 Agrippae,
1113 2000 1156 2036 et
1184 1996 1461 2045 Maecenatis,
1492 2008 1592 2037 cum
1613 1997 1714 2038 aliis

268 2061 607 2109 consimillimis,
627 2073 713 2100 una
743 2073 845 2101 cum
867 2061 1266 2103 Observationibus
1287 2064 1332 2102 in
1354 2062 1504 2116 Opera
1525 2062 1714 2112 Horatii,

265 2140 346 2180 per
364 2126 583 2168 Comitem
603 2126 657 2166 de
678 2126 984 2182 Shaftesbury,
1006 2129 1146 2170 Lond.
1168 2129 1292 2170 1740.
1311 2130 1401 2171 4to.

339 2193 476 2244 Quod
510 2193 567 2234 ad
602 2194 762 2247 stylum
799 2194 979 2236 Horatii
1015 2199 1205 2249 spectat,
1239 2199 1393 2237 extant
1425 2196 1631 2250 quaedam
1666 2197 1710 2238 in

267 2260 488 2314 Epistolis
508 2261 780 2313 elegantibus
803 2262 1070 2304 Fitzosborn
1102 2255 1378 2318 (Melmoth)‚
1413 2263 1552 2306 Lond.
1585 2263 1711 2306 1758.

267 2327 368 2369 Svo.
389 2328 498 2368 etin
516 2327 637 2368 obss.
658 2327 712 2368 de
743 2328 899 2370 Satiris
927 2329 1124 2378 Horatii,
1153 2342 1180 2370 a
1213 2329 1398 2379 Beatfie,
1429 2334 1475 2371 et
1502 2331 1548 2370 in
1578 2343 1710 2371 anno-

266 2395 508 2436 tationibus
537 2394 723 2437 Thomae
753 2395 958 2447 Hmmer,
981 2397 1027 2437 in
1048 2395 1444 2438 observationibus
1465 2397 1559 2437 suis
1581 2397 1710 2438 vaide

267 2461 477 2501 mirandis
507 2461 555 2501 in
578 2462 727 2502 varias
753 2463 992 2504 sententias
1020 2463 1254 2504 Sacrarum
1275 2462 1613 2516 Scripturarum,
1631 2464 1710 2504 διο.

266 2527 409 2568 Lond.
429 2527 556 2569 1787.
574 2527 676 2569 Svo.
697 2528 802 2570 Vol.
824 2540 897 2570 111.
919 2534 966 2570 et
989 2541 1055 2569 1v.
1085 2534 1130 2570 et
1160 2530 1203 2570 in
1233 2528 1397 2582 Ogilvii
1419 2527 1711 2570 Observatio-

266 2594 395 2633 nibus
425 2595 470 2634 in
500 2594 681 2635 Poesim
715 2595 899 2650 lyricam
934 2596 1114 2637 Horatii
1145 2595 1386 2651 praemissis
1416 2593 1707 2637 Poematibus

266 2660 375 2709 suis,
397 2661 537 2703 Lond.
556 2662 683 2703 1762.
1552 2675 1557 2678 ’
