1858 3184
313 177 428 220 1926

313 280 450 321 utrique
464 278 569 311 etiam
580 278 736 311 ‘ubuum
749 278 1012 310 calceabantur:

310 331 356 362 de
385 329 564 362 cothurnis
591 328 717 369 Virgil.
745 329 756 346 ¹
774 337 1013 369 purpureoque

309 382 383 414 alte
403 390 498 413 suras
514 380 643 413 vincire
659 379 852 412 cothurno!
895 380 1014 421 Crepi-

312 432 367 464 dae
394 435 507 463 autem
533 440 595 463 seu
619 429 772 462 sandalia
795 430 1014 470 appellantur

312 483 427 515 omnia
450 480 760 513 calceamentorum
781 489 920 520 genera,
937 489 1012 520 qum

311 532 440 573 digitos
455 530 581 572 pedum
595 529 686 561 haud
702 529 891 561 includunt.
912 530 1013 561 Post-

312 592 355 614 ea
378 587 494 614 tamen
518 589 636 612 omnes
661 580 808 612 Romani
833 583 1015 621 coeperunt

313 633 364 664 uti
380 631 505 664 calceis
519 640 563 662 ex
577 631 683 670 aluta,
696 631 755 672 qui
777 635 890 662 tamen
907 634 944 661 ut
957 639 1013 671 pe·

313 691 415 714 rones
441 685 551 720 erant,
576 686 613 713 et
635 685 744 713 totum
770 681 892 722 pedem
917 685 1013 721 tege-

314 733 397 765 bant
409 741 419 771 ς
433 741 516 773 quos
527 731 606 763 ideo
615 731 844 762 Tertullianus
859 731 1012 762 Perones

312 780 535 814 effoeminatos
556 784 671 821 vocat,
699 781 778 822 quia
797 779 894 812 crudi
919 790 1013 821 pero·

312 841 373 863 nes
398 831 508 872 magis
522 830 644 862 ⁴viriles
666 835 756 863 suut.
801 830 946 862 Patricii
962 835 1013 862 ta-

311 891 390 914 men
401 882 527 914 calceis
543 891 564 913 a
579 881 680 922 plebe
691 880 911 922 differebant,
929 890 1013 923 qnos

311 932 521 964 recentiores
537 941 614 963 cum
627 931 761 963 mulleis
776 930 990 963 confundunt
1004 941 1013 961 z

310 983 426 1014 male.*
442 982 479 1014 Si
493 982 584 1013 enim
598 991 717 1013 omnes
731 981 868 1022 patricii
883 981 924 1012 iis
939 985 1016 1012 ute-

299 1032 449 1070 -hantur,
464 1041 532 1063 non
550 1031 660 1071 video,
683 1041 789 1072 quare
806 1031 829 1064 J
835 1031 879 1063 ul.
900 1031 1017 1062 Caesar

313 1085 466 1120 notatus,
489 1080 621 1112 Julium
643 1079 735 1111 enim
757 1079 948 1111 Patricium
964 1078 1017 1110 fu-

312 1130 383 1164 isse
410 1139 528 1161 omnes
559 1132 696 1160 norunt.
739 1128 871 1161 Adhaec
898 1128 1015 1160 mullei

313 1184 414 1212 erant
429 1178 604 1220 crepidae3
631 1188 734 1220 quum
759 1178 867 1210 calcei
884 1178 1015 1209 urbani

313 1232 496 1262 Romanor.
521 1235 592 1261 tam
607 1228 743 1270 patricii
764 1238 865 1270 quam
888 1227 1017 1270 plebeii

314 1281 390 1312 cavi
417 1285 546 1318 essent,
573 1284 610 1311 et
636 1283 745 1311 totum
772 1279 896 1320 pedem
921 1283 1017 1320 tege-

314 1335 402 1361 rent.
425 1329 598 1361 Rubenius.

525 1431 552 1453 1.
583 1421 667 1452 Su.
689 1424 722 1453 6.
747 1423 801 1452 28.

357 1480 562 1523 Definiuntur
584 1479 666 1511 clavi
680 1489 728 1511 ,επ
743 1478 880 1510 Βιιὸεπὶὶ
894 1481 1014 1510 senten-

300 1532 376 1573 tia]
393 1533 467 1572 Ego
482 1540 606 1562 censeo
620 1531 736 1562 clavos
751 1529 895 1561 vestium
911 1528 1016 1560 fuisse

313 1591 414 1613 zonas
427 1580 591 1623 quasdam
612 1589 656 1612 ex
671 1589 836 1621 purpura,
851 1589 948 1620 auro,
962 1580 1016 1611 vel

314 1631 381 1663 alio
401 1632 526 1668 colore,
553 1640 631 1672 quae
656 1639 725 1661 non
746 1629 884 1671 quidem
899 1629 943 1660 ad
959 1639 1017 1660 ex·

315 1681 508 1714 tremitates
530 1680 674 1712 vestium
697 1679 935 1720 assuebautur,
956 1680 1016 1711 sed

316 1741 381 1774 per
403 1731 534 1763 medias
557 1734 671 1762 vestes
700 1730 934 1762 rectas-veluti
955 1730 1018 1762 viae

315 1782 472 1824 quaedam
497 1781 770 1813 deducebantur.
816 1781 920 1812 Zonae
938 1790 1019 1813 vero

315 1843 378 1874 per
392 1833 539 1863 mediam
554 1832 704 1863 tunicam
720 1831 941 1863 transversim
959 1831 1019 1863 du-

314 1883 491 1914 cebantur.
536 1881 588 1912 Ac
602 1881 679 1912 dico
694 1890 737 1912 ex
748 1891 842 1916 auro,
855 1891 1018 1922 purpura,

302 1933 370 1962 1vel
398 1932 466 1962 alio
489 1930 629 1962 colore:
654 1930 792 1971 quidam
818 1930 907 1960 enim
931 1931 1019 1961 clavi

304 1981 411 2013 -aurei
432 1984 547 2019 erant,
568 1979 706 2020 quidam
720 1978 802 2019 albi,
819 1979 874 2010 alii
892 1988 1018 2020 purpu-

304 2031 380 2071 rei,
395 2030 454 2062 alii
467 2029 616 2070 punicei,
631 2029 688 2060 alii
705 2029 809 2060 etiam
824 2028 920 2070 picti.
949 2029 1019 2060 Ad-

313 2082 359 2113 do
376 2090 453 2122 quae
468 2089 537 2111 non
552 2079 595 2110 ad
613 2078 851 2110 extremitates
874 2079 1017 2110 vestium

308 2134 512 2170 assuuntur,
532 2128 594 2160 sed
612 2138 674 2170 per
689 2128 817 2159 medias
832 2132 945 2160 vestes
960 2129 1018 2160 de-

316 2182 503 2220 ducuntur,
512 2184 551 2211 ut
565 2179 678 2211 clavos
692 2177 895 2219 distinguam
911 2188 930 2210 a
945 2178 1017 2210 lim-

314 2231 368 2265 bis
383 2234 442 2263 aut
465 2228 664 2270 segmentis,
681 2237 758 2269 quae
774 2228 858 2259 imas
871 2228 1016 2260 vestium

314 2290 392 2314 oras
406 2285 518 2320 ornat,
533 2283 569 2311 et
590 2289 611 2310 a
635 2288 809 2320 purpurea
835 2283 1016 2319 praetexta.

318 2331 471 2374 Adjunxi
489 2331 500 2348 ⁶
513 2329 619 2362 veluti
633 2329 698 2361 viae
713 2328 894 2371 quaedam,'
919 2339 1017 2362 secu-

319 2388 375 2414 tus
399 2381 595 2418 Tibullum:
618 2380 629 2397 ‘
642 2379 706 2411 Illa
725 2384 824 2421 gerat
838 2383 952 2412 vestes
967 2384 1018 2412 te-

317 2442 402 2464 nues
428 2441 511 2473 quas
537 2429 677 2462 foemina
691 2430 764 2462 Coa
777 2430 904 2461 Texuit
919 2440 1017 2462 aura·

318 2487 372 2514 tas
402 2480 637 2522 disposuitque
666 2479 759 2511 vias?
809 2480 945 2512 Servius
975 2481 1017 2511 ad

319 2532 450 2563 AEneid.
475 2540 527 2562 iv.
543 2531 587 2562 de
603 2530 743 2572 virgatis
759 2530 885 2572 sagulis
901 2531 1017 2564 Gallo-

318 2591 407 2621 rum,
439 2585 448 2598 ·
468 2591 543 2622 quae
573 2580 746 2612 habebant
782 2580 816 2612 in
847 2581 1018 2622 virgarum

319 2631 454 2662 modum
471 2631 637 2663 deductas
654 2631 747 2664 vias!
777 2632 833 2663 Sic
845 2636 881 2663 et
893 2632 940 2663 Η.
953 2632 1019 2663 Ra-

317 2682 424 2716 banus
438 2682 578 2713 Maurus
591 2682 632 2714 de
645 2683 792 2716 institut.
809 2682 1018 2715 elericorum

899 185 1178 218 APPENDlx.

1068 279 1112 310 de
1144 278 1356 310 Dalmatica:
1397 278 1407 296 ¹
1423 277 1543 312 Habet
1553 280 1702 324 equoque
1727 284 1766 314 et

1067 338 1258 370 purpureos
1269 329 1424 361 tramites
1434 329 1508 370 ipsa
1517 329 1767 370 tunic-*uuum-

1066 387 1122 409 mo
1146 387 1254 419 usque
1277 377 1320 409 ad
1343 377 1532 418 ima,.aute
1546 382 1583 410 ct
1596 380 1766 412 retrode-

1067 427 1293 460 scendentes·’
1337 428 1419 460 Dixi
1443 428 1549 461 etiam
1563 438 1627 470 per
1637 428 1769 462 medias

1068 482 1196 519 vestes,
1211 482 1251 511 ut
1265 479 1436 511 includam
1463 489 1532 511 non
1554 479 1664 511 solum
1679 479 1770 511 tuni-

1068 538 1118 560 cae
1145 530 1271 570 clavos,
1296 530 1356 562 sed
1382 530 1487 562 etiam
1510 539 1571 562 eos
1593 530 1654 572 qai
1679 530 1770 566 chla—

1067 578 1197 620 mydes,
1239 580 1357 621 laenas,
1400 580 1551 617 trabeas,
1602 580 1772 621 paenulas,

1067 639 1225 671 mappas,
1267 631 1436 672 mantilia,
1479 633 1545 663 &e.
1589 630 1771 662 ornabant.

1069 679 1204 711 Rubens.

1109 729 1283 762 Scutulatoe
1309 734 1409 762 vestes
1433 728 1528 771 quoe?
1560 731 1702 764 Salmas.
1727 730 1769 762 ad

1066 779 1210 820 Vopisc.
1235 779 1296 813 fol.
1318 783 1397 812 405.
1422 785 1461 812 et
1486 783 1564 812 513.
1593 780 1772 812 contendit

1066 831 1234 862 scutulam
1250 830 1340 862 idem
1356 840 1431 863 esse
1447 830 1539 872 quod
1557 830 1702 871 virgam,
1720 835 1773 862 at-

1067 889 1134 921 que
1149 880 1228 912 hinc
1244 881 1394 922 virgatas
1405 885 1442 912 et
1455 880 1644 913 scutulatas
1658 886 1771 912 vestes

1068 930 1204 962 easdem
1215 941 1308 963 esse:
1325 930 1385 963 sed
1399 940 1564 972 negamus
1577 939 1694 962 omnes
1705 932 1775 962 vir-

1070 986 1167 1023 gatas
1203 981 1391 1012 scutulatas
1426 980 1542 1013 fuisse.
1601 981 1773 1012 Scutulam

1061 1031 1160 1063 -euim
1188 1032 1409 1072 appellarunt
1439 1034 1574 1062 veteres
1601 1040 1701 1062 omne
1738 1030 1772 1062 id

1069 1081 1160 1123 quod
1185 1081 1331 1112 Rhombi
1347 1075 1496 1120 *figuram
1511 1079 1672 1112 babebat.
1715 1080 1775 1112 Sic
1805 1092 1809 1094 ·

1070 1131 1105 1162 in
1121 1130 1402 1172 emplastratione
1424 1129 1516 1162 Pliu.
1533 1138 1631 1161 xvu.
1647 1133 1700 1161 16.
1716 1130 1774 1171 ju-
1831 1135 1839 1145 ·

1071 1181 1132 1213 bet
1152 1180 1253 1211 eximi
1276 1179 1446 1212 scutulam
1468 1189 1510 1210 ex
1535 1179 1668 1211 Catone
1691 1190 1774 1222 qua-

1073 1236 1151 1263 tuor
1163 1230 1347 1272 digitorum
1365 1229 1610 1270 longitudinem
1622 1235 1658 1261 et
1672 1231 1773 1262 trium

1072 1280 1299 1312 latitudinem.
1356 1279 1414 1310 Sic
1444 1283 1481 1310 et
1508 1279 1542 1310 in
1570 1280 1774 1320 pavimentis

1069 1330 1214 1361 scutulae
1236 1330 1411 1367 dicuntur,
1432 1327 1569 1370 quando
1589 1338 1608 1358 a
1626 1329 1775 1360 rllombis

1070 1379 1341 1419 distinguuntur,
1355 1378 1444 1410 Vitr.
1463 1386 1529 1409 vn.
1546 1380 1576 1408 1.
1619 1377 1713 1409 Hinc
1737 1384 1775 1416 et

1070 1431 1186 1461 lances
1207 1429 1397 1469 ῥομβοειδεῖς
1411 1428 1561 1459 scutulas
1576 1433 1636 1460 aut
1650 1430 1776 1461 scutel-

1070 1479 1119 1510 las
1137 1483 1314 1510 vocarunt.
1358 1478 1509 1510 Martial.
1536 1478 1598 1509 lib.
1625 1487 1678 1510 xl.
1706 1480 1774 1511 ‘Et

1070 1530 1164 1561 leves
1179 1530 1329 1561 scutulas
1338 1538 1503 1570 cavasque
1516 1528 1658 1560 lauces.’
1684 1529 1775 1561 Nam

1071 1580 1162 1622 quod
1187 1580 1371 1611 Salmasius
1393 1580 1455 1620 ait,
1477 1589 1553 1611 cum
1568 1580 1711 1611 scutulae
1722 1590 1777 1611 ro-

1071 1629 1188 1661 tundae
1211 1628 1342 1661 fuerint
1364 1639 1431 1661 non
1455 1629 1645 1671 quadratae,
1665 1629 1708 1661 ab
1723 1630 1775 1661 his

1073 1680 1281 1711 scutulatum
1309 1684 1384 1710 rete
1408 1683 1445 1711 et
1459 1680 1647 1711 scutulatus
1663 1685 1775 1711 vestes

1062 1729 1144 1760 >dici
1169 1738 1236 1759 nou
1260 1737 1384 1769 posse;
1407 1727 1565 1769 profecto
1585 1728 1675 1769 fugit
1697 1739 1777 1762 eum

1074 1778 1186 1811 ratio:
1213 1778 1338 1810 scimus
1364 1779 1455 1810 enim
1480 1780 1663 1821 plerasque
1688 1782 1778 1813 anti-

1074 1838 1216 1870 quorum
1233 1829 1346 1860 lances
1362 1828 1543 1871 quadratas
1566 1829 1686 1872 fuisse,
1709 1841 1776 1864 uon

1075 1879 1247 1910 rotundas.
1279 1878 1384 1910 Vide
1399 1880 1559 1912 Juvenal.
1582 1880 1653 1914 Sat.
1669 1891 1709 1914 u.
1722 1884 1777 1915 97.

1075 1928 1212 1959 Rubens.

1117 1978 1169 2008 De
1182 1977 1319 2009 Umbone
1332 1980 1430 2016 togae:
1446 1977 1479 2008 in
1493 1987 1560 2019 quo
1573 1980 1776 2020 explicando

1075 2026 1138 2058 viri
1169 2027 1261 2059 docti
1292 2026 1393 2058 valde
1422 2031 1580 2058 aestuaut.
1632 2028 1775 2070 Optime

1071 2077 1220 2108 omnium
1233 2077 1382 2118 Lipsius,
1394 2077 1452 2118 qui
1463 2077 1524 2117 ait,
1537 2078 1689 2119 Latinos,
1703 2090 1776 2112 ves-

1071 2127 1116 2158 tis
1132 2127 1294 2167 positum,
1320 2128 1379 2168 qui
1403 2127 1448 2158 ad
1472 2133 1592 2168 pectus
1608 2130 1726 2162 exibat
1742 2132 1776 2163 in

1070 2181 1253 2217 tumorem,
1269 2177 1449 2208 umbonem
1468 2187 1629 2210 vocasse:
1654 2180 1709 2211 cui
1724 2191 1776 2212 as-

1070 2226 1210 2265 sentior,
1225 2231 1262 2258 et
1277 2226 1434 2258 existimo
1448 2227 1628 2260 umbonem
1644 2229 1774 2262 dictum

1071 2277 1175 2310 fuisse
1200 2282 1332 2320 partem
1357 2278 1451 2310 illam
1468 2282 1560 2320 togae
1581 2289 1659 2321 quae
1682 2281 1777 2314 circa

1071 2329 1245 2360 humerum
1274 2328 1448 2360 sinistrum
1476 2329 1511 2361 in
1538 2330 1647 2362 varias
1674 2341 1774 2373 rugas

1071 2384 1250 2411 contracta
1274 2379 1510 2412 descendebat
1534 2381 1569 2412 in
1597 2387 1716 2422 pectus
1740 2392 1776 2416 et

1071 2430 1314 2471 imponebatur
1335 2430 1450 2462 balteo
1473 2431 1521 2462 illi
1545 2431 1603 2473 qui
1629 2432 1692 2464 sub
1714 2433 1775 2465 bu-

1072 2490 1166 2512 mero
1182 2480 1307 2512 dextro
1323 2480 1365 2512 ad
1381 2481 1556 2513 sinistrum
1568 2481 1704 2524 oblique
1714 2483 1774 2515 du-

1073 2531 1214 2564 cebatur
1226 2536 1328 2573 atque
1340 2531 1390 2563 ita
1401 2532 1583 2564 umbonem
1592 2532 1773 2574 cingebat:

1073 2586 1111 2613 ut
1124 2582 1213 2613 enim
1222 2582 1323 2613 umbo
1335 2581 1632 2624 dicebaturmssnpa
1641 2582 1772 2625 κόγχος,

1073 2642 1148 2673 quae
1164 2632 1350 2673 aptabatur
1371 2633 1626 2675 clypeo-supra
1645 2633 1772 2674 duplex

1073 2682 1275 2718 tabulatum,
1300 2682 1444 2722 Polybio
1461 2686 1572 2722 teste3
1596 2683 1644 2714 ita
1667 2682 1770 2714 etiam
