1858 3184
250 190 365 241 1932
710 203 919 234 no'rrrm
954 203 1234 238 uramara

250 301 486 355 deligendis,
518 310 562 343 ut
582 303 753 343 Petronii
772 304 890 346 verbo
911 303 1054 353 dicam,
1083 305 1240 344 curiosa
1266 304 1350 356 ejus
1381 303 1572 348 felicitas:
1601 317 1703 357 prae-

248 365 386 418 cipuus
412 368 451 406 in
472 367 616 414 Satira,
638 367 775 408 doctor
796 367 835 406 in
854 368 1010 420 poetica
1027 374 1110 408 arte
1129 369 1244 407 unice
1264 367 1509 407 audiendus:
1539 367 1703 407 eximius

249 428 508 482 philosophus
538 431 577 470 in
597 431 800 484 Epistolis.
861 433 904 470 In
926 433 1098 471 carmine
1115 432 1349 484 elegantiam
1369 440 1410 472 et
1426 431 1604 484 peritiam
1631 444 1704 470 nu·

247 506 441 539 merorum
469 495 506 534 ei
533 495 667 536 tribuit
685 495 865 544 Ovidius,
892 497 932 535 in
953 496 1194 548 argumentis
1224 497 1454 548 sapientiam
1479 487 1525 535 ‘et
1551 495 1703 535 eallidi-

247 564 370 597 tatem
398 558 574 607 Persius,
604 559 848 612 diligentiam
876 560 1144 600 elucubratam
1173 561 1394 607 Juvenalis,
1423 553 1708 600 sublimitatem

248 627 385 660 auctor
404 629 516 663 vetus
536 623 607 664 sed
627 637 706 663 non
734 624 975 671 nominatus,
997 625 1298 676 jucunditatem,
1328 624 1509 676 gratiam,
1537 624 1703 667 varieta-

247 690 324 729 tem
346 685 626 735 Quintilianus,
647 688 846 727 solertiam
867 688 1072 740 Apuleius,
1100 689 1140 726 in
1162 701 1340 727 sermone
1360 688 1568 739 puritatem
1587 695 1628 726 et
1645 687 1704 726 ni·

246 754 368 788 torem
401 749 505 790 idem
521 751 815 796 Quintilianus:
849 752 889 798 in
920 752 1060 791 Satiris
1096 766 1185 792 eum
1221 765 1308 791 esse
1341 751 1702 791 emendatissimum

247 812 487 855 Lactantius.
546 816 721 855 Imitatus
754 822 814 855 est
847 816 886 853 in
908 816 1009 855 Odis
1041 816 1289 868 potissimum
1318 828 1408 855 eum
1438 814 1612 853 Pindaro
1631 814 1704 852 Al-

243 889 371 916 coeum
389 884 430 917 et
454 879 727 931 Sapphonem:
761 879 936 931 epitheta
970 880 1111 919 sumsit
1145 881 1195 919 ab
1218 880 1389 919 Homero
1416 884 1458 917 et
1486 877 1700 929 Sophocle.

245 940 292 980 In
311 940 408 980 libro
424 942 593 994 Epodon
608 950 769 982 secutus
789 950 850 982 est
869 943 1161 990 Archilochum,
1181 944 1220 981 in
1237 943 1379 982 Satiris
1393 943 1594 980 Romanos
1612 941 1700 980 illos

244 1003 415 1043 Ennium
435 1012 475 1044 et
495 1007 700 1046 Lucilium.
758 1006 837 1046 Sed
859 1007 1024 1046 Horatio
1039 1011 1051 1028 ¹
1074 1006 1266 1045 nihilhoc
1286 1007 1325 1044 in
1345 1017 1489 1057 genere
1507 1012 1702 1056 praestan-

242 1066 320 1106 tius
339 1074 414 1114 est,
440 1069 507 1120 qui
526 1075 572 1108 ut
589 1082 724 1109 omnes
741 1070 832 1109 vitae
852 1070 1023 1109 rationes
1043 1069 1083 1107 in
1103 1069 1241 1108 Satiris
1261 1068 1342 1108 suis
1361 1066 1593 1119 complexus
1613 1069 1699 1116 fuit,

241 1129 297 1169 ita
309 1131 497 1171 flosculos
510 1132 751 1185 suppeditat,
770 1134 913 1185 quibus
928 1133 1068 1172 mirum
1088 1133 1128 1171 in
1144 1132 1304 1172 modum
1320 1144 1459 1172 ornare
1480 1145 1701 1172 sermonem

239 1200 420 1234 nostrum
439 1208 666 1248 possumus.
716 1197 802 1249 Ego
819 1204 925 1236 certe
939 1197 1089 1236 Satiras
1107 1197 1193 1249 ejus
1213 1210 1350 1236 omnes
1370 1198 1568 1238 memoriae
1591 1210 1701 1236 man·

241 1257 325 1296 dari
340 1258 471 1307 velim,
492 1267 574 1299 tum
590 1261 628 1299 in
645 1261 726 1300 vita
741 1262 840 1313 ipsa,
858 1267 939 1300 tum
954 1262 994 1300 in
1013 1274 1191 1301 sermone
1206 1262 1294 1301 usui
1311 1262 1476 1302 futuras.
1530 1262 1702 1314 Elegan-

240 1320 395 1360 tissima
414 1323 546 1362 omnia
565 1331 671 1372 sunt,
700 1324 820 1364 dictio
847 1325 987 1372 nitida,
1018 1332 1071 1373 et,
1105 1326 1137 1364 si
1160 1338 1343 1365 numeros
1364 1325 1497 1372 tollas,
1531 1326 1700 1364 sermoni

239 1384 370 1424 soluto
391 1393 496 1437 apta.
556 1387 765 1427 Urbanitas
779 1387 819 1425 in
832 1401 879 1426 eo
898 1388 1010 1435 mira,
1033 1388 1138 1427 sales
1158 1388 1334 1437 candidi,
1354 1401 1402 1426 ex
1422 1388 1557 1428 abdito
1576 1395 1699 1428 erutae

239 1449 462 1497 sententiae,
478 1451 641 1502 argutiae
659 1463 740 1489 non
759 1459 925 1500 coactae,
946 1465 1063 1491 merae
1080 1452 1276 1498 Charites,
1293 1452 1400 1491 omni
1415 1453 1614 1492 occasioni
1633 1466 1700 1506 ap-

238 1518 306 1552 tae.
362 1513 567 1553 Summum
586 1514 625 1552 in
643 1515 710 1553 illo
731 1514 814 1554 viro
834 1515 1033 1567 ingenium
1054 1516 1141 1562 fuit,
1158 1529 1232 1555 nec
1250 1516 1442 1555 immerito
1460 1516 1643 1568 Augusto
1659 1523 1700 1556 et

240 1575 453 1615 Maecenati
480 1577 519 1615 in
548 1577 714 1626 deliciis,
746 1578 860 1630 cujus
889 1580 1048 1630 genium
1077 1580 1279 1619 satiricum
1307 1592 1422 1618 nemo
1440 1593 1488 1618 ex
1509 1581 1696 1632 antiquis,

237 1652 353 1678 nemo
371 1653 393 1678 e
407 1641 703 1688 recentioribus,
725 1641 807 1680 ulla
826 1642 1043 1681 imitatione
1058 1649 1266 1682 assecutus
1286 1650 1360 1682 est.
1416 1643 1482 1682 Jo.
1499 1644 1694 1690 Caselius,

234 1702 276 1741 in
295 1703 383 1756 Νέῳ
399 1716 487 1752 suo,
518 1704 726 1743 Horatium
756 1705 848 1744 vitae
877 1707 1110 1757 magistrum
1138 1707 1437 1756 commendans,
1462 1711 1473 1729 ‘
1490 1708 1695 1746 Affirmare

234 1779 315 1805 non
336 1766 541 1816 dubitem,'
574 1768 716 1819 inquit,
751 1772 762 1790 ‘
776 1768 844 1820 qui
872 1769 910 1807 in
939 1768 1016 1808 hoc
1035 1775 1155 1821 poeta
1174 1770 1342 1809 multum
1361 1783 1490 1822 operae
1509 1772 1697 1822 posuerit,

235 1842 405 1881 eumque
434 1831 489 1869 ita
515 1831 782 1884 perdidicerit,
818 1839 862 1871 ut
889 1832 974 1885 ejus
1003 1847 1140 1873 versus
1161 1847 1240 1874 non
1260 1834 1300 1873 in
1322 1846 1388 1873 ore
1408 1841 1523 1873 natos
1544 1841 1613 1874 aut
1629 1848 1697 1874 ex-

233 1893 485 1943 temporales,
518 1901 562 1932 ut
581 1901 756 1945 putatur,
789 1908 868 1933 non
889 1897 1076 1936 memoria
1091 1904 1239 1944 teneat,
1270 1902 1361 1947 (nec
1379 1911 1472 1937 vero
1490 1911 1569 1945 non
1589 1904 1695 1945 sunt,

235 1956 302 2006 qui
320 1954 395 1993 hoc
422 1957 708 2007 praestiterint,)
738 1957 809 1996 sed
846 1959 965 2009 probe
991 1959 1212 1998 intellectos
1241 1960 1292 1998 ad
1321 1973 1418 1999 usus
1445 1961 1537 1998 vitae
1566 1968 1694 1999 trans-

233 2018 357 2063 ferat:
391 2018 496 2057 hunc
523 2033 642 2071 posse
662 2021 778 2059 rebus
800 2021 880 2059 suis
901 2035 1139 2074 suorumque
1158 2030 1263 2063 recte
1282 2024 1323 2062 in
1343 2023 1524 2063 omnibus
1545 2024 1692 2076 aliquid

233 2081 327 2120 boni
345 2082 499 2120 consilii
518 2083 714 2122 invenire:
736 2097 809 2123 nec
829 2084 957 2123 minus
978 2085 1082 2124 idem
1101 2087 1239 2138 patriae
1255 2093 1363 2126 recte
1375 2088 1572 2136 consulat,
1591 2102 1693 2140 pree-

233 2145 365 2184 sertim
379 2146 411 2184 si
430 2153 469 2184 et
483 2146 534 2184 ad
548 2146 752 2185 historiam
771 2160 812 2186 se
832 2149 1021 2196 conferat,
1044 2157 1229 2201 spectans
1245 2151 1300 2198 id,
1321 2151 1430 2202 quod
1444 2152 1691 2203 potissimum

232 2209 508 2249 ostendimus.’
561 2210 744 2250 Bentleio
773 2211 812 2249 in
841 2213 944 2251 notis
964 2226 1003 2264 p.
1025 2214 1091 2252 64.
1112 2214 1300 2253 Horatius
1321 2215 1463 2254 dicitur
1493 2221 1505 2237 ‘
1521 2228 1690 2268 magnus

231 2273 424 2320 novator,'
449 2273 557 2326 quod
578 2287 626 2313 ex
647 2274 799 2314 Graecis
818 2275 857 2313 in
888 2276 1067 2316 Latinam
1087 2278 1263 2329 linguam
1282 2279 1387 2319 felici
1415 2279 1582 2319 audacia
1611 2281 1691 2320 alia

235 2337 450 2385 transtulit,
479 2338 571 2386 alia,
596 2345 643 2377 ut
673 2344 685 2361 ‘
701 2339 803 2378 male
822 2340 961 2379 feriati’
980 2343 1230 2390 vocabulum,
1251 2342 1336 2396 ipse
1355 2344 1504 2395 primus
1524 2344 1690 2384 effinxit.

233 2400 381 2440 Confer
394 2402 418 2440 J
422 2415 483 2441 ac.
500 2402 608 2442 Frid.
622 2403 828 2442 Reimanni
847 2404 1048 2443 historiam
1065 2407 1346 2446 vocabulorum
1362 2407 1513 2447 Latinae
1527 2409 1690 2460 Linguae

229 2476 270 2515 p.
291 2467 357 2504 43.
380 2478 441 2519 sq.
498 2465 609 2505 Alius
631 2466 833 2515 Horatius,
864 2468 914 2506 de
948 2482 1028 2520 quo
1049 2470 1248 2510 Martialis
1278 2484 1341 2511 ιν.
1363 2474 1404 2511 2.
1461 2471 1541 2511 Sed
1569 2471 1689 2525 longe

229 2527 362 2578 plures
390 2529 466 2568 hoc
493 2530 652 2569 nomine
678 2539 955 2578 commemorat
983 2534 1048 2572 Jo.
1068 2534 1338 2588 Glandorpius
1367 2537 1407 2575 in
1428 2535 1687 2576 Onomastieo

231 2590 411 2632 Romano
431 2607 471 2646 p.
491 2596 585 2635 402.
606 2608 666 2648 sq.
724 2596 786 2635 De
805 2594 921 2644 Titio,
941 2599 1061 2649 poeta
1080 2599 1233 2653 Lyrico,
1255 2600 1530 2640 Broukhusius
1548 2600 1600 2640 ad
1619 2600 1686 2639 Ti·

274 2719 292 2748 1
316 2717 452 2751 Morhof.
467 2720 624 2762 Polyhist.
642 2724 663 2755 Ι.
680 2710 733 2756 rix.
750 2734 779 2756 c.
791 2728 823 2757 6.
837 2735 871 2766 p.
886 2727 962 2758 6³4.
977 2724 1067 2757 Tom.
1082 2737 1107 2758 1.
