1858 3184
594 271 640 309 Q·
681 269 890 302 ιιοιιιιτιι
931 269 1127 303 micci
1464 258 1586 300 1955·

201 369 298 408 1541
333 367 534 421 ΕρίειοΙω,
552 380 620 420 per
639 366 741 406 Rob.
762 363 1020 418 Stephanum.
1039 336 1214 404 Paris.8

197 455 251 462 —
277 432 408 484 Opera
421 432 564 479 omnia,
583 444 672 471 cum
688 430 777 470 Nic.
794 428 942 468 Perotti
959 426 1092 467 libello
1111 426 1161 467 de
1177 425 1318 467 Horat.
1336 408 1416 466 Od.
1429 408 1578 467 metris.

144 494 204 533 Ex
222 496 327 534 offic.
346 495 567 535 Erasmian.
585 495 727 535 Venet.
750 495 815 532 12.

201 559 302 598 1542
329 572 417 598 cum
437 565 646 598 comment.
675 558 767 598 Acr.
786 555 977 608 Porphyr.
995 554 1131 594 Mane.
1157 559 1198 593 et
1227 552 1355 602 Badii,
1382 553 1489 608 apud
1506 555 1573 595 Jo.

144 621 315 675 Roigny,
334 626 400 672 (ex
419 622 664 662 Ascensiana
684 623 742 670 v.)
761 620 886 659 Paris.
905 618 975 660 sol.

191 707 246 715 --
273 685 472 732 poemata,
487 692 579 725 cum
606 683 772 724 Scholiis
789 681 1043 723 doctissimis.
1075 680 1193 735 Apud
1226 682 1321 722 Seb.
1342 681 1574 735 Gryphium.

141 747 322 800 Lugdun.
341 750 379 787 8.

197 813 298 851 1543
325 812 569 852 Ascensiana
588 825 630 851 v.
650 811 826 864 repetita,
846 810 1009 863 adjectis
1024 810 1128 850 notis
1142 807 1344 855 Glareani,
1364 808 1403 847 in
1421 808 1573 848 oedibus

140 873 285 913 Oudini
301 874 417 914 Petit.
437 875 563 915 Paris.
582 875 654 915 fol.

186 960 242 967 —-
267 937 470 987 PoEmata,
506 938 674 978 Scholiis
711 938 893 978 brevibus
930 937 1057 991 iisque
1092 936 1330 976 brevissimis
1363 936 1571 976 illustrata.

137 1000 259 1041 Paris.
278 1002 383 1056 apud
401 1003 468 1043 J0.
486 1002 658 1055 Roigny,
679 1001 902 1042 excudebat
919 1002 983 1042 Jo.
1003 1001 1152 1041 Ludov.
1170 1000 1388 1039 Tiletanus.
1406 1001 1446 1038 4.

188 1087 243 1094 -—
268 1065 343 1103 Ars
361 1066 530 1118 poetica,
548 1079 636 1106 cum
657 1072 909 1105 commentar.
930 1065 1011 1104 Viti
1031 1063 1332 1104 Ammerbachii.
1349 1063 1512 1115 Argent.
1533 1065 1572 1102 8.

189 1151 243 1157 —-
270 1128 458 1168 Glareani
474 1142 532 1167 vr.
549 1129 672 1168 Basil.

189 1214 243 1220 —
269 1204 332 1242 ap.
353 1192 449 1230 Sim.
470 1192 703 1230 Colinaeum.
722 1191 846 1230 Paris.
872 1192 934 1229 12.

195 1255 297 1293 1544
323 1254 524 1302 poemata,
544 1268 632 1295 cum
665 1255 814 1294 ratione
845 1254 1073 1301 carminum,
1091 1260 1132 1294 et
1164 1253 1405 1306 argumentis
1430 1253 1573 1305 ubique

136 1317 306 1355 insertis.
354 1318 632 1370 Interpretibus
654 1318 744 1358 Acr.
774 1318 918 1369 Porph.
949 1317 1170 1364 Parrhasio,
1204 1316 1573 1362 Mancinello,.nec

135 1392 212 1418 non
243 1380 448 1427 Ascensio,
479 1380 570 1420 viris
606 1381 894 1421 eruditissimis.
926 1380 1172 1432 Scholiisque
1191 1380 1244 1418 D.
1267 1379 1433 1426 Brenni,
1465 1380 1574 1430 Ang.

135 1443 331 1491 Politiani,
363 1444 422 1484 M.
441 1444 536 1483 Ant.
570 1444 768 1492 sabellini,
804 1444 903 1483 Lud.
938 1443 1050 1483 Caelii
1084 1442 1313 1495 Rhodigini,
1346 1442 1462 1495 Bapt.
1497 1443 1573 1490 Pii,

134 1506 239 1546 Petr.
259 1507 412 1554 Criniti,
427 1507 518 1547 Aldi
538 1508 648 1548 Man.
668 1508 813 1548 Matth.
833 1508 1025 1555 Bonfinis,
1038 1515 1079 1547 et
1090 1508 1180 1548 Jac.
1194 1506 1436 1546 Bononiens.
1447 1519 1572 1559 nuper

133 1570 342 1622 adjunctis.
398 1572 471 1610 His
501 1584 573 1611 nos
593 1579 782 1624 praeterea
797 1572 1084 1611 Annotationes
1112 1571 1441 1617 doctissimorum,
1475 1572 1570 1610 Ant.

133 1634 304 1686 Thyiesii
323 1635 514 1675 Consent.
552 1636 618 1673 Fr.
655 1635 873 1674 Roborteni
912 1635 1020 1673 Utin.
1058 1641 1174 1685 atque
1212 1634 1336 1672 Henr.
1370 1634 1570 1679 Glareani,

130 1698 302 1750 apprime
319 1698 432 1737 utiles
462 1687 700 1736 addidimus.
720 1698 809 1736 Nic.
830 1697 978 1736 Perotti
1012 1697 1148 1747 Sipon.
1183 1696 1338 1735 libellus
1357 1696 1408 1734 de
1437 1696 1571 1734 metris

137 1761 325 1800 Odarum.
361 1761 542 1800 Auctoris
561 1761 641 1799 vita
667 1773 715 1798 ex
731 1760 839 1798 Pett.
859 1759 1025 1806 Crinito,
1045 1760 1150 1798 Flor.
1171 1772 1261 1810 quae
1293 1759 1424 1797 omnia
1451 1759 1570 1810 longe

135 1823 294 1874 politius
311 1836 357 1862 ac
375 1823 615 1872 diligentius,
633 1835 750 1875 quam
770 1822 974 1869 hactenus,
993 1834 1138 1861 excusa
1153 1821 1192 1859 in
1213 1821 1341 1861 lucem
1359 1821 1569 1873 prodeunt.

137 1886 254 1938 Apud
274 1887 383 1926 Hier.
406 1887 580 1926 Scotum.
596 1887 738 1925 Venet.
757 1886 827 1925 fol.

187 1971 242 1978 —
267 1951 316 1988 Ο.
337 1963 427 1988 cum
457 1950 508 1988 N.
529 1949 676 1988 Perotti
704 1948 835 1988 libello
863 1948 914 1987 de
944 1928 1089 1995 metris,
1123 1948 1247 1987 Servii
1278 1930 1509 1987 centimetro
1528 1955 1570 1987 et

134 2012 246 2052 variis
266 2012 375 2053 lectt.
407 2013 468 2051 Ex
485 2013 590 2052 offic.
610 2013 662 2052 R.
676 2011 879 2064 Stephani.
927 2011 1002 2051 Die
1023 2024 1107 2051 vu.
1129 2011 1192 2051 Id.
1217 2011 1326 2051 Maii.
1347 2010 1473 2050 Paris.
1495 2014 1535 2051 8.

142 2104 146 2114 2
187 2098 242 2106 —
265 2090 355 2116 cum
373 2076 477 2116 notis
493 2077 561 2116 Jo.
581 2076 732 2115 Criniti.
751 2077 871 2115 Antv.
891 2077 930 2114 8.

185 2163 239 2170 —
264 2142 406 2192 Opera,
425 2141 595 2179 Doctiss.
613 2141 729 2180 viror.
748 2139 951 2191 diligentia
970 2139 1186 2191 recognita.
1207 2137 1311 2177 Frib.
1331 2140 1370 2177 8.

185 2227 239 2234 —
263 2205 421 2244 Jasonis
440 2204 490 2244 de
507 2204 634 2244 Nores
652 2204 916 2257 interpretatio
942 2216 1005 2255 ep.
1023 2203 1074 2242 de
1099 2203 1194 2241 Arte
1213 2202 1382 2254 poetica,
1402 2215 1451 2241 ex
1467 2215 1567 2254 quo·

133 2267 290 2307 tidianis
325 2268 542 2320 Tryphonis
580 2268 767 2307 Gabrielii
805 2267 1063 2314 sermonibus,
1096 2266 1202 2317 apud
1241 2266 1396 2305 Matth.
1425 2266 1567 2304 David.

136 2330 258 2370 Paris.
279 2333 316 2370 8.

190 2397 292 2434 1545
321 2394 673 2434 ilenrico-Petrina
696 2408 727 2434 1.
747 2408 835 2433 cum
850 2408 991 2434 comm.
1019 2399 1170 2432 tantum
1195 2405 1274 2431 non
1294 2391 1447 2438 iisdem,
1466 2403 1567 2443 quos

136 2456 254 2496 habet
270 2457 423 2495 Veneta
444 2459 560 2495 1544.
589 2457 710 2496 Basil.
732 2458 870 2497 Mense
884 2458 1041 2498 Martio.
1063 2458 1132 2496 fol.

192 2542 245 2548 --
271 2518 413 2571 Opera,
432 2532 520 2557 cum
538 2521 835 2568 commentariis,
853 2535 922 2573 per
941 2522 1063 2559 Henr.
1083 2519 1201 2557 Petri.
1223 2517 1346 2557 Basil.
1366 2521 1405 2556 4.

190 2605 245 2612 —-
269 2582 368 2620 Odae
386 2589 426 2620 et
440 2582 568 2634 Epod.
598 2583 656 2621 Ex
668 2584 770 2622 offic.
790 2585 911 2624 Mich.
933 2582 1165 2622 Vascosani.
1187 2582 1312 2619 Paris.
1332 2583 1371 2620 4.

191 2668 244 2677 —
270 2646 372 2697 Opp.
386 2659 474 2684 cum
489 2646 590 2684 notis
610 2646 664 2686 H.
685 2647 883 2694 Glareani,
898 2654 939 2685 et
956 2646 1174 2684 Variorum.
1197 2644 1316 2684 Basil.
1340 2647 1378 2683 4.

193 2733 245 2739 -
271 2716 358 2749 cum
379 2716 628 2749 commentar.
648 2711 736 2751 Aer.
754 2718 794 2751 et
812 2710 955 2762 Porph.
978 2708 1098 2748 Basil.
1119 2711 1157 2747 8.
