1858 3184
277 222 393 266 2026
451 229 659 264 comens
691 232 741 263 m
781 230 1032 262 ammorii.
1070 228 1235 263 marr.
1266 229 1560 267 Assnnvnr.

279 336 417 391 Regis
452 335 724 389 Hungariae;
761 334 940 377 tandem
968 332 1094 377 venit
1121 334 1164 375 in
1192 332 1524 388 possessionem
1546 327 1735 379 'Antonii

279 403 458 455 Askew,
479 404 545 446 M.
560 404 620 446 D.
635 404 719 445 viri
732 404 775 445 in
790 403 1025 445 codicibus
1042 402 1158 444 Mss.
1176 401 1349 443 Latinis
1361 405 1407 442 et
1422 392 1596 443 Graecis
1610 402 1738 445 inon-

276 473 435 528 gandis
454 473 567 514 inter
587 471 753 525 primos
782 471 944 513 curiosi
969 473 1011 512 et
1040 468 1223 511 assidui.
1284 468 1377 510 Sub
1398 468 1527 510 initio
1547 467 1738 524 huiusce

279 540 462 582 Codicis
495 536 726 581 Askeuius
765 538 864 580 haec
899 540 1037 581 verba
1068 538 1396 592 exscripserat:
1424 537 1627 579 ‘Lettres
1657 538 1741 579 cri:

278 609 424 661 tiques
453 606 507 647 de
529 605 712 647 Gisbert
731 605 894 661 Cuper,
930 605 957 647 a
977 605 1278 655 Amsterdam,
1309 605 1440 647 1742.
1460 618 1506 660 p.
1524 605 1637 647 381:
1652 604 1741 647 J’ai

277 675 494 718 l’Horace
533 671 875 716 d'Amsterdam.
910 673 998 715 Mr.
1029 673 1218 728 Bentley
1253 678 1326 714 est
1354 674 1480 716 hardi
1520 674 1630 715 dans
1666 686 1742 715 ses

280 743 571 798 conjectures.
631 741 660 783 J
665 755 688 782 e
709 755 781 783 me
804 742 897 783 suis
918 745 1146 782 entretenu
1163 753 1238 781 sur
1254 741 1615 795 quelques-unes,
1632 754 1741 784 avec

279 825 339 852 un
360 810 416 852 de
431 822 525 850 mes
546 809 676 858 amis,
698 812 744 850 et
765 808 847 863 j'ai
868 821 929 849 un
949 809 1039 850 bon
1059 809 1301 849 manuscrit
1316 809 1425 850 sorti
1440 808 1556 851 dela
1573 808 1742 851 Biblio-

278 879 437 933 theque
459 877 517 918 du
538 876 631 917 Roi
658 875 875 917 Matthias
907 875 1143 927 Corvinus,
1177 889 1236 917 ou
1258 876 1340 930 j'ai
1363 877 1517 918 trouve
1545 877 1742 918 diverses

278 946 451 1001 lecons,
471 944 576 986 dont
597 956 649 986 ce
671 947 858 997 scavant
876 942 1067 998 Anglois
1082 956 1135 984 ne
1151 943 1232 985 fait
1251 956 1337 998 pas
1358 941 1580 985 mention?

338 1015 394 1056 In
416 1012 606 1055 Collect.
638 1011 755 1052 Mss.
783 1010 1048 1065 Indescript.
1075 1002 1123 1052 in
1148 1011 1315 1052 Museo
1338 1011 1511 1054 Britan.
1540 1024 1585 1053 v.
1617 1022 1670 1052 ιι.
1701 1024 1744 1065 p.

279 1082 381 1125 819.
432 1079 689 1122 Carminum
708 1077 807 1118 Lib.
826 1088 859 1119 1.
877 1091 980 1119 cum
994 1078 1115 1119 notis
1132 1082 1180 1118 et
1200 1077 1310 1119 Vita
1330 1077 1512 1120 Horatii
1529 1090 1590 1120 ex
1608 1079 1747 1120 variis

281 1147 538 1191 auctoribus
558 1144 782 1195 collectiS‚
804 1145 860 1186 ab
883 1144 1081 1186 Hem-ico
1114 1143 1273 1196 Finch,
1297 1149 1345 1187 et
1370 1144 1488 1200 patri
1516 1159 1602 1188 suo
1622 1144 1748 1187 dedi-

283 1217 415 1267 catis,
435 1215 565 1256 1577.

341 1284 430 1325 His
447 1281 725 1336 adjiciantur,
747 1280 915 1335 quippe
936 1293 1041 1334 quae
1055 1280 1139 1321 sub
1160 1279 1317 1322 eadem
1338 1280 1501 1334 pagina
1521 1286 1746 1331 notantur,

281 1351 418 1394 variae
437 1348 552 1391 Odae
579 1348 741 1389 Metris
757 1346 1016 1401 Anglicanis
1038 1360 1195 1398 versae,
1215 1355 1261 1388 et
1279 1347 1516 1390 Tractatus
1536 1350 1582 1390 in
1603 1349 1748 1391 diver-

279 1432 354 1462 sas
374 1420 526 1473 partes
543 1415 725 1457 Horatii
745 1417 803 1457 ab
825 1415 1079 1457 auctoribus
1099 1415 1234 1457 variis
1254 1414 1455 1456 confecti.

430 1590 599 1636 Codices
619 1592 663 1634 in
683 1591 856 1634 Palatio
872 1589 1229 1648 Archiepiscopali
1252 1589 1368 1647 apud
1387 1588 1607 1632 Lambeth.

344 1738 397 1782 In
420 1737 635 1781 Biblioth.
652 1736 768 1779 Mss.
788 1735 1138 1791 Archiepiscopi
1154 1734 1367 1782 Cantuar.
1383 1734 1507 1790 apud
1522 1733 1754 1793 Lambeth‚

286 1809 432 1852 codex
460 1812 544 1858 est,
575 1807 738 1861 partim
766 1805 1009 1847 membran.
1038 1803 1202 1860 partim
1230 1803 1427 1852 chartac.
1456 1802 1505 1854 in
1529 1802 1620 1844 4to.
1643 1796 1754 1844 saffo.

291 1887 326 1918 x
337 1888 377 1917 v.
393 1875 678 1930 complexus,
694 1875 809 1915 inter
820 1873 911 1915 alia
923 1872 1066 1914 multa
1081 1871 1288 1921 classica,
1300 1870 1481 1913 Horatii
1494 1869 1755 1912 Sermonum

288 1944 450 1986 Libros
470 1942 599 1992 duOS,
620 1954 723 1983 cum
739 1939 856 1981 notis
871 1940 1057 1992 margin.
1078 1938 1142 1979 N.
1158 1939 1262 1979 425.

346 2010 402 2051 In
432 2009 588 2050 eadem
609 2006 830 2049 Biblioth.
853 2009 899 2047 et
925 2006 1009 2047 sub
1035 2004 1191 2046 eadem
1213 2002 1419 2056 Catalogi
1439 2002 1618 2057 pagina,
1636 2001 1756 2058 (54.)

289 2081 359 2119 est
379 2075 477 2117 cod.
499 2075 738 2115 membran.
759 2085 863 2113 saec.
884 2082 993 2113 X1V.
1014 2071 1294 2125 complexus,
1314 2070 1426 2112 inter
1445 2069 1550 2122 alia,
1571 2069 1755 2113 Florile-

289 2132 410 2200 gium
429 2155 489 2185 ex
510 2141 773 2192 Claudiano,
797 2139 979 2190 Ovidio,
1002 2138 1213 2190 Horatio,
1231 2139 1311 2180 διο.
