1858 3184
441 262 645 296 nortun
680 259 1029 294 nmeromnum
1065 261 1159 292 mn.
1193 262 1225 292 1.
1255 252 1297 292 2.

152 359 200 388 tu.
219 358 313 397 (ἕως.
354 355 518 388 Non-arie
530 351 673 393 metm]
698 353 774 385 Non
788 353 838 384 in-

151 416 233 447 gens
250 407 406 447 pecunia.

193 459 236 487 48
258 455 402 488 Deduxit
425 461 549 494 emon
560 452 698 493 febr-eis]
719 453 840 484 Plures

151 507 252 539 codd.
263 506 396 545 febrem.
439 504 536 538 Unus
563 506 664 537 etiarn
690 505 843 536 deducunt

152 561 188 587 et
204 556 288 588 nlius
301 556 439 587 amaea.
474 555 541 587 Sed
558 555 756 596 pulcerrime
774 554 840 585 Lu·

151 606 278 638 cretius
307 603 364 637 lib.
390 614 415 638 1.
456 605 466 624 ‘
484 605 562 637 Non
592 603 712 636 calidae
740 603 842 636 eitius

151 655 324 687 decedunt
343 663 486 695 corpore
506 652 630 689 febres,
651 653 841 686 Textilibus

151 706 178 736 si
195 706 230 736 in
242 703 385 746 picturis
398 708 559 746 ostroque
574 703 708 736 rubenti
724 703 842 736 Jncte·

150 752 223 786 ris-'v
241 750 382 784 stri-ent.

191 803 235 834 ⁴9
259 801 370 834 Volent
386 802 556 844 possessor]
579 802 703 834 Animo
730 802 842 834 valere

149 861 375 894 possessorem
387 857 547 894 oportere
563 853 623 889 ait,
639 852 696 893 qui
713 853 842 892 paratis

150 907 244 936 recte
261 906 388 934 utatur.
430 902 485 934 Sic
501 902 590 933 enim
606 907 642 934 et
666 910 688 933 ι.
704 901 772 933 Od.
788 903 842 933 31.

149 953 159 969 ⁸
177 951 256 983 Frui
282 952 408 993 paratis
436 957 473 983 et
496 951 607 983 valido
631 951 710 982 mihi
736 950 842 982 Lato&

150 1000 274 1033 dones:
289 1005 325 1032 at
337 1006 457 1042 precor
470 1001 599 1040 integra
611 1001 694 1032 Cum
708 1000 844 1033 menie.'

150 1050 256 1082 Extat
269 1050 374 1082 etiam
389 1050 568 1082 Menandri
585 1059 718 1083 versus:
735 1049 841 1081 Μακά-

150 1111 212 1140 ριος
226 1099 311 1132 ὅστις
325 1099 434 1131 obviat
446 1099 498 1132 καὶ
510 1101 580 1132 νοῦν
591 1100 672 1140 ἔχει.
696 1101 842 1132 Turneb.

119 1145 122 1149 ’
152 1159 257 1183 xxm.
272 1153 326 1183 27.
348 1152 491 1184 Torreat.
546 1151 653 1184 Volent
673 1152 842 1193 possessor]

154 1199 303 1241 Oportet
325 1205 364 1232 ut
387 1200 431 1232 sit
457 1201 568 1232 animo
581 1206 617 1232 et
633 1205 776 1241 corpore
792 1211 843 1232 sa-

153 1258 228 1280 nus.

195 1301 238 1330 50
260 1299 470 1338 comportatis
487 1299 592 1340 rebus]
616 1298 731 1331 Rebus
746 1299 844 1331 here-

153 1347 282 1381 dit-riis
296 1348 352 1380 vel
368 1349 553 1390 acquisitis.

194 1400 235 1429 ⁵1
260 1398 325 1434 Qui
344 1398 446 1439 cupit]
470 1398 654 1431 Confirmat
676 1407 845 1440 possesso·

153 1457 236 1488 rem,
249 1447 307 1489 qni
322 1447 451 1480 divitiis
466 1453 562 1481 recte
574 1453 703 1489 utatur,
718 1449 760 1480 ab
774 1449 844 1481 ani·

152 1506 208 1529 mo
230 1497 344 1529 valere
366 1497 506 1530 debere.
531 1507 607 1529 nam
632 1498 694 1530 nisi
716 1498 845 1530 animus

153 1547 219 1579 rite
235 1551 399 1588 purgatus
414 1546 532 1585 fuerit,
558 1548 650 1580 nulla
671 1549 845 1589 opulentia

152 1597 324 1638 prouertu
346 1607 414 1629 non
431 1598 550 1639 opibus
566 1599 682 1639 igitur,
699 1599 757 1629 sed
774 1599 844 1630 ani-

153 1647 198 1682 mi
214 1647 342 1679 virtute
357 1657 398 1679 ac
415 1648 660 1689 tranquillitate
685 1647 846 1690 (εἶθυμίαν

153 1701 276 1729 vocant
287 1696 420 1738 Greci)
435 1696 552 1729 felices
567 1697 743 1729 efficimur.
771 1698 844 1729 Tor-

152 1749 234 1778 rent.
287 1745 353 1778 Aut
381 1746 445 1787 res]
479 1746 545 1777 Res
575 1746 762 1783 familiaris,
792 1748 844 1778 vel

155 1796 310 1834 pecunia.
336 1815 338 1817 -

196 1848 239 1876 52
273 1846 420 1877 Fomenta
450 1846 640 1885 podagrum]
671 1847 748 1876 Hoc
783 1850 847 1885 est,

155 1903 231 1926 eum
246 1894 304 1935 qui
319 1894 519 1935 podagricus
535 1894 600 1924 sit:
622 1894 734 1924 innuit
744 1894 848 1932 enim,

154 1941 464 1984 quomodocumque
472 1941 571 1972 dolor
581 1941 768 1982 mitigetur,
778 1951 847 1973 ma-

152 2000 236 2024 nere
263 1995 376 2024 tamen
402 1991 567 2028 morbum,
595 1992 653 2033 qui
682 1991 845 2024 radicitus

154 2041 427 2083 evelli‘nequeat.
442 2042 586 2074 Torreat.
630 2042 780 2074 Fomenta
793 2053 845 2084 po-

153 2090 300 2132 dagrum]
323 2091 488 2123 Fomenta
512 2091 671 2132 podagrae
695 2092 845 2124 dolorem

155 2141 198 2173 ad
215 2147 348 2183 tempus
362 2142 528 2180 minuunt,
540 2141 599 2173 sed
614 2151 748 2174 causam
761 2152 846 2174 mor·

78 2198 87 2207 “
130 2202 133 2206 <
154 2190 189 2223 bi
206 2189 355 2224 funditus
370 2201 435 2223 nou
452 2192 638 2233 extirpaut.

196 2243 240 2273 ⁵4
261 2240 425 2273 Sim-mm
451 2242 514 2283 est]
547 2242 622 2274 Nisi
647 2242 692 2274 sit
718 2242 846 2275 animus

155 2299 271 2331 purus.
294 2308 297 2313 ν
314 2291 377 2322 Est
394 2291 576 2331 Allegoria.

181 2343 237 2371 v55
262 2339 362 2372 Nocet
375 2344 478 2381 empta
490 2341 593 2372 dolore
613 2341 769 2382 voluptas]
794 2343 845 2373 De

156 2387 334 2420 inhonesta
348 2389 522 2429 voluptate
538 2390 600 2421 boc
615 2390 742 2422 dictum
758 2391 845 2423 acci-

156 2436 225 2477 pio.
268 2436 438 2479 Apposite
461 2448 541 2471 vero
557 2440 704 2480 Cynicus
728 2441 845 2481 volup-

158 2490 264 2518 tatem
292 2488 384 2519 illam
408 2489 594 2520 Veneream
621 2489 716 2521 letali
740 2491 846 2521 mulso

157 2537 390 2576 comparabat.
413 2537 554 2569 Tor-rent.
601 2538 718 2570 Dolore
741 2540 845 2579 volup-

157 2585 234 2626 tas}
246 2586 368 2618 Dolore
383 2587 625 2628 subsequente.

199 2639 242 2668 56
264 2636 392 2677 Semper
417 2646 532 2668 mrim
558 2630 646 2678 eget]
683 2638 758 2670 Nec
787 2639 846 2674 mi-

158 2692 252 2717 rum:
267 2693 352 2718 ‘cum
375 2685 457 2718 nihil
477 2687 509 2717 ei
530 2687 613 2718 satis
638 2688 694 2727 sit,
717 2689 772 2729 qui
796 2688 846 2720 di-

157 2735 272 2775 vitias,
297 2744 362 2767 non
390 2740 428 2766 ut
452 2735 673 2773 instrumenta
699 2737 846 2779 vivendi,

122 2792 125 2793 ’
157 2784 219 2816 sed
245 2788 283 2818 ut
311 2784 411 2817 finem
442 2785 585 2826 appetit,
616 2790 651 2820 ut
682 2786 846 2827 praeclare

1470 251 1581 294 1775

890 353 1091 386 Aristoteles
1130 354 1189 386 lib.
1215 362 1239 384 ι.
1268 352 1397 394 politic.
1431 354 1581 394 lepidum

889 412 970 444 ergo
985 403 1066 435 illud
1083 403 1330 444 mimographi:
1355 402 1364 419 ‘
1380 403 1493 434 Avaro
1514 408 1583 435 tam

890 454 986 485 deest
1014 453 1105 495 quod
1130 454 1245 493 habet,
1274 463 1373 494 qnam
1402 453 1493 495 quod
1516 463 1582 485 non

889 503 1016 535 habet!
1042 504 1184 535 Tor-rent.
1232 504 1359 535 Certum
1373 506 1444 535 voto
1455 507 1524 544 pete
1537 504 1584 544 fl·

889 555 973 596 nem]
993 555 1083 588 Quia
1105 555 1251 587 avaritia
1266 554 1400 586 infinita
1416 559 1470 587 est
1485 559 1520 586 et
1536 555 1583 586 in-

890 603 1067 643 sati-bilis,
1078 604 1155 645 quia
1168 614 1232 636 nec
1245 609 1388 645 augetur
1399 604 1509 646 copia,
1521 614 1585 637 nee

889 653 1050 685 minuitur
1072 653 1209 694 inopia;
1239 654 1386 685 consulit
1407 654 1523 696 itaque
1545 660 1586 686 ut

890 707 1019 735 certam
1049 703 1114 734 sibi
1144 703 1277 744 copiam
1309 703 1522 743 praescribat,
1551 704 1585 736 in

891 762 956 794 qua
981 753 1089 793 possit
1113 752 1340 793 acquiescere,
1364 753 1461 793 (ἕως.
1508 753 1584 785 Cer-

891 806 955 834 tum
969 805 1038 834 voto
1058 805 1126 843 pete
1139 801 1254 843 finem]
1281 801 1464 835 Definitum
1482 811 1585 844 pecu-

891 853 956 884 niae
971 862 1132 884 summam
1149 857 1285 892 expete.

931 904 973 933 57
991 902 1095 933 Rebus
1107 901 1232 942 opimis]
1250 901 1364 933 Rebus
1379 901 1534 934 secundis
1549 907 1586 934 et

890 950 1084 983 fortunatis.

931 1004 974 1032 58
995 1001 1094 1034 Siculi
1118 1002 1192 1043 non]
1213 1001 1368 1034 Phalaris
1395 1007 1431 1034 et
1456 1002 1587 1043 Diony-

890 1050 967 1083 sius.
1010 1051 1279 1084 Turneb.xxv1.
1296 1055 1349 1084 27.

907 1103 975 1132 ⁵9
999 1101 1064 1137 Qui
1090 1111 1152 1132 non
1177 1101 1384 1133 moderabitur
1411 1101 1485 1143 ἱνα]
1518 1102 1586 1134 Qui

890 1148 1031 1181 fraenum
1049 1160 1114 1182 non
1131 1151 1262 1190 injiciet
1284 1152 1354 1182 irae.

935 1202 978 1230 60
999 1200 1100 1230 Dolor
1119 1201 1198 1240 quod
1217 1201 1350 1231 suaserit
1369 1204 1399 1231 et
1420 1200 1519 1241 mens]
1544 1200 1588 1232 ld

895 1253 959 1287 est,
983 1256 1076 1304 mens
1100 1248 1216 1280 dolore
1240 1254 1438 1290 provocata,
1455 1259 1496 1281 ac
1511 1259 1588 1290 pro-

893 1326 1038 1388 cumque
1065 1347 1142 1378 mali
1169 1357 1301 1389 poenam
1328 1347 1501 1390 flagitans,
1524 1359 1588 1381 nee

893 1400 972 1427 ante
988 1396 1220 1437 acquiescens,
1231 1407 1330 1439 quam
1345 1399 1512 1431 sumserit.
1555 1398 1587 1431 A

894 1447 1029 1478 laesioue
1059 1447 1165 1487 igitur
1194 1447 1303 1488 dolor,
1332 1458 1352 1480 a
1379 1449 1495 1481 dolore
1524 1449 1589 1489 ira,

893 1496 1074 1537 odiumque
1091 1497 1125 1528 in
1140 1501 1314 1530 auctorem
1336 1503 1439 1540 atque
1454 1498 1591 1530 ultionis

894 1546 1083 1587 cupiditas;
1101 1557 1176 1589 quae
1193 1547 1295 1579 animi
1307 1548 1451 1580 necdum
1468 1557 1591 1590 expur-

894 1597 966 1637 gati
993 1607 1123 1628 summa
1146 1598 1302 1639 voluptas
1325 1602 1398 1630 est:
1423 1597 1512 1630 unde
1528 1599 1590 1630 sub

894 1648 1120 1680 laesihominis
1134 1657 1277 1690 persona
1289 1648 1413 1681 Juven.
1426 1648 1498 1680 Sat.
1508 1657 1591 1680 xur-

894 1697 904 1714 ‘
922 1697 970 1729 At
994 1698 1145 1729 vindicta
1170 1698 1293 1730 bonum
1318 1699 1388 1729 vita
1403 1697 1590 1738 jucundius

895 1747 983 1795 ipsa.
985 1746 993 1760 ¹
1031 1748 1141 1779 Quam
1159 1753 1272 1778 tamen
1287 1748 1480 1787 opinionem
1495 1755 1592 1786 egre·

896 1797 950 1836 gie
966 1786 1117 1826 refellit·
1110 1805 1197 1835 ipse,
1211 1799 1247 1826 et
1265 1804 1308 1826 ne
1330 1804 1371 1826 eo
1393 1795 1590 1836 progredia-

896 1853 970 1874 mur
991 1853 1010 1874 a
1028 1844 1198 1884 sapientia
1220 1844 1395 1874 consilium
1420 1853 1460 1874 ac
1484 1853 1591 1875 reme-

895 1891 986 1921 dium
1017 1890 1200 1931 petendum
1229 1895 1406 1923 monstrat.
1447 1892 1588 1925 Tor-rm.

895 1940 994 1972 Dolor
1014 1941 1095 1981 quod
1116 1940 1250 1972 suaserit
1272 1944 1303 1972 et
1323 1941 1424 1982 mma]
1445 1941 1590 1983 Stepha-

895 1999 969 2030 nus,
1000 1999 1043 2022 ex
1072 1990 1272 2032 conjectura
1302 2000 1377 2031 sua,
1408 1991 1590 2031 legendum

895 2049 969 2072 esse
997 2039 1119 2079 credit,
1149 2049 1295 2078 exmem3
1323 2046 1359 2072 et
1388 2040 1589 2073 Groecorum

895 2089 977 2120 illud
994 2088 1113 2130 ἔκφρων
1127 2089 1307 2120 Horatium
1323 2089 1516 2131 exprimere
1532 2099 1590 2122 vo-

895 2140 1016 2171 luisse:
1040 2149 1143 2181 quum
1158 2144 1194 2171 et
1209 2139 1350 2171 ‘exlex'
1371 2143 1407 2171 et
1427 2139 1590 2181 ‘exspes'

896 2189 1059 2221 dicamus.
1103 2190 1149 2220 Et
1167 2189 1267 2230 mens]
1292 2190 1391 2221 Mens
1407 2189 1523 2222 dolore
1540 2189 1590 2222 as-

896 2238 1001 2279 fecta‚
1015 2239 1048 2270 id
1068 2243 1132 2275 est,
1148 2248 1241 2270 mens
1257 2239 1356 2270 irata.

937 2291 976 2320 61
1005 2288 1102 2329 Odia]
1125 2288 1218 2320 Odio
1234 2294 1429 2329 provectus.

938 2342 980 2371 62
1001 2339 1151 2371 Animum
1164 2339 1253 2380 rege]
1277 2339 1482 2381 Appetitum
1499 2350 1589 2379 rege.

938 2391 979 2420 63
1002 2389 1099 2421 Hunc
1115 2388 1251 2429 sraenis]
1273 2390 1444 2432 Tanquam
1466 2399 1589 2431 equum

896 2439 1107 2471 indomitum.

907 2491 980 2521 64
1004 2488 1134 2529 Fingit]
1154 2490 1302 2521 Format.
1346 2485 1521 2530 Magister]
1543 2488 1588 2520 E-

896 2548 1036 2581 quorum
1054 2539 1213 2571 domitor.

938 2591 978 2619 65
1012 2589 1112 2624 Quum
1141 2584 1307 2625 monstrat]
1340 2585 1411 2621 Quo
1436 2589 1589 2618 monstrat

895 2647 996 2678 eques,
1011 2638 1137 2668 habent
1152 2644 1211 2666 sex
1224 2634 1329 2666 nostri
1342 2635 1490 2667 codices.
1513 2636 1589 2667 Tor-

895 2690 976 2718 rene.
1025 2685 1188 2717 Venatio-us
1207 2694 1247 2716 ex
1267 2684 1342 2726 qao]
1367 2685 1509 2718 Catulus
1531 2695 1588 2718 ve·

897 2744 1038 2769 nancus.

938 2788 980 2818 66
1004 2785 1311 2828 cervinam-penem]
1333 2788 1419 2821 Quae
1437 2787 1532 2820 cervi
1546 2787 1589 2820 si·
