1858 3184
318 227 434 275 1986
774 234 1035 271 ascensus
1067 234 1352 269 Em'rroumu

308 339 447 381 Phoebi
466 344 506 378 et
525 337 666 377 Dianae
685 336 806 386 dicta,
836 350 884 376 ex
904 336 1178 390 antiquissima
1207 336 1435 377 recensione
1465 335 1617 387 Sidonii
1645 349 1750 388 nunc

305 404 473 457 primum
492 402 611 450 edita,
630 415 741 455 argg.
762 407 803 441 et
833 414 938 441 nova
966 402 1198 454 paraphrasi
1231 401 1479 450 collustrata,
1507 401 1751 454 auctore-lo,

306 468 426 508 Petro
445 467 676 507 Anchersen
705 467 748 506 S.
770 467 821 505 R.
844 466 903 505 M.
925 465 1031 505 Dan.
1051 472 1091 505 et
1125 465 1247 506 Norv.
1268 479 1292 505 a
1324 465 1501 506 consiliis
1525 463 1692 517 justitiae
1710 465 1751 505 J.

309 532 359 572 U.
381 539 421 571 et
455 531 607 571 Philos.
636 532 688 572 D.
709 530 811 570 Phil.
831 537 872 570 et
900 530 1014 582 Eloq.
1046 530 1093 569 P.
1113 530 1160 568 P.
1191 530 1241 569 O.
1261 533 1340 570 διο.
1365 530 1525 579 Hafniae
1557 542 1622 581 ap.
1656 528 1753 578 Gla-

308 595 426 647 singii
447 595 619 635 viduam.
639 597 677 635 8.
721 595 1014 635 Anehersenius
1044 594 1096 634 ad
1126 601 1298 634 mentem
1331 594 1485 635 Sidonii
1515 593 1753 648 Apollinaris

306 659 461 698 Horatii
480 659 599 699 libros
618 660 858 700 recensentis
876 659 1008 699 Carm.
1031 672 1149 711 rx.p.
1163 661 1256 698 218.
1271 660 1455 712 poelmata
1473 659 1512 698 in
1533 671 1598 697 vr.
1621 664 1751 710 partes

305 722 516 773 distribuit,
535 737 699 776 quarum
729 737 762 764 1.
798 725 1046 764 constituunt
1079 724 1167 763 libri
1198 724 1299 776 Epp.
1336 737 1391 764 11.
1424 723 1512 765 libri
1547 722 1650 763 Satt.
1680 733 1752 760 111.

304 786 444 840 Epodi.
466 800 531 828 w.
549 787 637 827 libri
656 788 847 829 Odarum.
871 801 914 827 v·
934 788 1009 827 Ars
1023 789 1129 840 poet.
1151 801 1215 828 VI.
1235 801 1400 840 eamque
1418 799 1562 835 novam
1580 785 1755 826 carmina

302 850 523 892 saecularia.
576 848 671 893 Huc
689 859 820 893 autem
837 853 956 892 refert
975 851 1040 892 ille
1060 864 1139 892 non
1158 851 1278 891 modo
1295 852 1382 900 tria,
1403 864 1492 903 quoe
1519 851 1560 890 in
1576 849 1641 890 ed.
1668 849 1753 889 Ho-

300 914 389 954 ratii
409 915 651 955 Locheriana
671 929 734 956 an.
754 918 872 956 1498.
893 916 950 955 sie
970 915 1168 964 dicuntur,
1202 915 1273 955 sed
1292 915 1411 956 etiam
1441 914 1616 968 quinque
1648 913 1748 958 alia·

300 978 408 1020 unde
425 986 522 1022 sunt
537 993 640 1020 v111.
658 981 832 1021 carmina
861 981 1084 1029 saecularia,
1102 994 1192 1033 quse
1211 979 1409 1020 illustrare
1427 990 1645 1032 aggressus
1664 983 1749 1018 est:

300 1044 375 1093 (1.)
394 1043 438 1082 L.
460 1057 494 1084 1.
513 1044 580 1083 od.
597 1045 663 1084 32.
693 1044 769 1094 (2.)
786 1045 832 1084 L.
856 1057 921 1084 ιν.
939 1044 1006 1085 od.
1027 1045 1067 1083 6.
1107 1045 1183 1093 (3.)
1201 1044 1247 1084 L.
1261 1056 1337 1084 111.
1353 1043 1420 1083 od.
1443 1044 1480 1081 1.
1515 1043 1593 1094 (4.)
1613 1042 1752 1082 L.*111.

299 1106 368 1145 od.
388 1108 455 1146 22.
483 1108 556 1156 (5.)
575 1107 619 1146 L.
642 1119 672 1145 1.
694 1106 761 1146 od.
783 1109 851 1145 21.
879 1108 954 1158 (6.)
973 1107 1017 1146 L.
1042 1106 1153 1146 1.0d.
1173 1108 1238 1146 31.
1275 1107 1351 1156 (7.)
1369 1118 1527 1146 carmen
1548 1105 1751 1154 saeculare,

299 1168 340 1207 in
360 1169 504 1221 vulgus
522 1176 675 1210 notum.
712 1172 788 1220 (8.)
806 1171 850 1210 L.
873 1183 948 1210 111.
967 1170 1035 1210 od.
1058 1171 1122 1211 30.
1687 1214 1690 1217 ,

357 1234 460 1275 1752
490 1233 668 1286 Eclogae,
686 1247 768 1273 una
785 1247 875 1273 cum
895 1233 1058 1274 scholiis
1078 1233 1278 1286 perpetuis
1297 1240 1380 1273 tam
1400 1233 1606 1274 -veteribus
1630 1245 1748 1284 quam

298 1296 427 1343 novis,
447 1300 522 1336 ὅτε.
541 1297 700 1349 adjecit,
720 1298 788 1336 ubi
806 1298 932 1338 visum
952 1304 1028 1345 est,
1059 1306 1099 1337 et
1118 1311 1204 1346 sua,
1223 1303 1453 1348 textumque
1471 1296 1656 1345 restituit,
1675 1298 1752 1337 &c-

301 1359 409 1397 Guil.
430 1359 590 1408 Baxter‚
609 1360 660 1399 ad
693 1361 804 1412 cujus
827 1375 879 1401 11.
900 1361 1113 1401 editionem
1141 1361 1276 1402 recudi
1306 1361 1459 1400 curavit
1490 1366 1530 1401 et
1562 1361 1749 1400 varietate

296 1420 478 1462 lectionis
495 1423 655 1476 suisque
672 1425 889 1464 observatt.
908 1425 1017 1464 auxit
1035 1426 1100 1464 Jo.
1121 1424 1266 1465 Matth.
1289 1424 1506 1463 Gesnerus.
1525 1423 1633 1475 Lips.
1655 1425 1749 1464 8.—

297 1484 391 1526 Non
411 1487 540 1526 solum
559 1488 600 1526 in
619 1494 732 1528 textu
750 1488 989 1528 Baxteriano
1008 1488 1174 1527 mutavit
1195 1488 1380 1539 quaedam
1400 1500 1511 1535 ausa,
1531 1495 1749 1540 receptam-

296 1562 375 1601 que
394 1550 603 1590 lectionem
621 1565 645 1591 a
665 1552 845 1595 Bentleio
873 1559 1020 1600 tuetur,
1038 1552 1109 1591 sed
1137 1552 1255 1592 etiam
1276 1566 1297 1591 e
1317 1551 1436 1591 codd.
1455 1558 1496 1593 et
1522 1551 1615 1591 edd.
1646 1553 1747 1591 anti-

296 1613 386 1665 quis
406 1614 634 1654 varietatem
651 1616 761 1655 lectt.
781 1628 1007 1668 quanquam
1036 1617 1167 1655 minus
1186 1615 1360 1667 plenam,
1379 1615 1452 1657 sed
1470 1629 1561 1667 quae
1590 1622 1749 1656 senten-

295 1676 392 1716 tiam
426 1679 556 1730 poetae
592 1679 655 1718 vel
692 1686 864 1718 veterem
903 1679 1224 1731 orthographiam
1257 1686 1397 1727 mutet,
1425 1678 1489 1718 vel
1515 1679 1622 1721 aliud
1651 1679 1747 1731 quid

295 1740 443 1781 habeat
460 1742 728 1791 memorabile,
755 1743 881 1783 dedit.
935 1743 981 1781 In
1001 1743 1108 1785 notis
1127 1744 1229 1782 bene
1261 1742 1370 1782 dicta
1385 1743 1448 1782 vel
1479 1755 1503 1782 a
1522 1742 1746 1789 scholiastis

293 1810 394 1846 vett.
411 1806 505 1846 Acr.
525 1813 566 1845 et
585 1807 732 1859 Porph.
752 1807 814 1846 vel
834 1820 858 1846 a
877 1799 1050 1847 Baxtero
1082 1806 1226 1855 attulit,
1257 1807 1342 1859 ipse
1367 1806 1417 1846 de
1449 1819 1523 1846 suo
1555 1813 1647 1858 post
1665 1819 1751 1846 mo-
1800 1841 1808 1846 .

293 1868 413 1910 liores
431 1883 612 1922 quosque
643 1871 876 1922 interpretes
905 1871 983 1911 alia
1013 1870 1180 1919 addidit,
1212 1883 1260 1910 ex
1278 1869 1421 1922 quibus
1451 1869 1504 1910 ad
1530 1870 1749 1922 intelligen-

293 1932 388 1970 tiam
407 1934 536 1983 po’etae
560 1935 795 1985 proficerent
814 1934 898 1984 ejus
932 1934 1117 1975 studiosi.
1169 1934 1321 1973 Studiis
1339 1944 1445 1975 certe
1469 1934 1659 1986 juvenum
1681 1947 1748 1974 ac-

294 1996 657 2036 commodatissima
675 1997 829 2036 videtur
847 1995 1015 2036 Gesneri
1035 2008 1169 2047 opera.
1208 1997 1300 2036 Suae
1312 2009 1404 2036 vero
1416 1997 1528 2047 praef.
1546 1997 1747 2047 subjunxit

294 2057 463 2097 Bentleii
496 2060 730 2098 sententiam
760 2060 810 2098 de
839 2060 1079 2111 temporibus
1110 2060 1293 2098 librorum
1325 2059 1422 2099 Hor.
1454 2066 1494 2099 et
1518 2061 1745 2112 poematum

293 2120 419 2166 adem
449 2121 540 2162 dein
561 2122 613 2162 de
630 2122 824 2174 praesidiis
844 2122 960 2174 hujus
980 2123 1076 2163 edit.
1098 2130 1138 2168 et
1165 2123 1367 2163 nominum
1396 2123 1640 2176 compendiis
1659 2137 1743 2164 mo-

292 2184 444 2230 nitum3
474 2193 557 2224 tum
571 2186 819 2225 Baxterianae
839 2199 892 2225 11.
913 2193 953 2226 et
973 2200 1006 2225 1.
1031 2186 1201 2239 praefatt.
1221 2187 1382 2226 tandem
1400 2187 1523 2229 vitam
1540 2187 1683 2229 Horat.
1693 2200 1745 2234 ex

293 2247 403 2288 Suet.
424 2254 465 2288 et
481 2249 604 2292 waso
623 2250 674 2290 de
692 2251 824 2292 metris
846 2251 984 2290 Horat.
1046 2275 1048 2278 -

346 2334 401 2341 —
428 2312 566 2352 Latine
585 2320 626 2352 et
643 2314 810 2355 Gallice.
831 2315 1004 2354 Parisiis.
1025 2317 1050 2353 5
1071 2314 1163 2354 voll.
1185 2316 1246 2354 12.
1532 2357 1533 2360 ¹

349 2376 454 2415 1753
481 2376 673 2422 Poemata
690 2379 827 2420 Latine
847 2393 937 2420 cum
957 2379 1134 2419 versione
1145 2378 1340 2418 Batteusii
1359 2377 1516 2419 Gallica
1533 2385 1574 2420 et
1591 2378 1740 2424 notulis

207 2459 215 2464 —
291 2438 430 2482 iterum
450 2439 644 2492 prodiere.
663 2441 789 2485 Paris.
802 2445 827 2481 2
845 2444 940 2483 voll.
962 2445 1025 2483 12.

343 2524 398 2533 —-
423 2517 461 2544 c.
479 2517 520 2545 n.
540 2504 836 2559 Gottschlingii.
857 2507 1033 2547 Norimb.
1055 2509 1093 2547 8.

349 2567 453 2606 1754
480 2582 528 2608 ex
547 2570 641 2610 edit.
660 2571 702 2610 S.
721 2571 770 2612 A.
792 2570 981 2623 Philippe.
1001 2571 1127 2611 Paris.
1151 2572 1216 2612 12.

345 2650 399 2660 --—
426 2646 461 2671 c.
481 2633 624 2687 interp.
644 2648 691 2675 ae
701 2636 808 2675 notis
825 2636 1018 2677 Juvencii.
1042 2636 1157 2676 Nova
1172 2634 1236 2675 ed.
1256 2634 1426 2674 nitidiss.
1441 2641 1482 2681 et
1501 2634 1732 2682 accuratiss.

293 2690 422 2732 Paris.
442 2698 466 2732 2
487 2697 580 2737 voll.
605 2701 665 2739 12.
685 2711 688 2715 ’

346 2757 449 2796 1755
477 2760 540 2800 Jo.
566 2762 690 2803 Mich.
711 2764 857 2804 Heinze
877 2764 1191 2805 Chrestomathia
1211 2777 1259 2802 ex
1276 2763 1453 2811 Horatio,
1474 2765 1548 2803 &c.
1567 2762 1671 2814 Lips-
1687 2763 1725 2801 8.
